2566 4672
592 269 869 347 ...48-

232 454 342 522 genera
355 437 550 501 describenda
569 441 627 504 sibi
647 451 845 526 sumpserunt,
865 446 896 506 id
917 454 1000 511 certe
1020 470 1085 514 esse
1100 453 1235 518 tribuan-

231 550 318 625 dnm,
336 556 387 624 ut,
406 540 551 631 quasnam
576 555 753 634 antiquitas,
773 574 873 635 quom
893 559 1012 620 etiamsi
1031 582 1093 623 non
1109 565 1235 644 optime,

231 659 338 721 melias
366 665 469 723 tamen
493 683 583 744 qnam
605 682 660 724 nos
689 682 779 744 snper
806 664 864 726 bac
892 687 927 728 re
957 671 1096 732 edoctam
1126 674 1235 748 fuisse,

230 791 320 833 nemo
351 771 440 833 facile
470 780 532 850 est,
561 775 613 853 qni
640 772 750 832 infitias
776 774 816 834 sit
840 775 953 853 iturus,
986 779 1024 840 dc
1055 783 1172 863 origine
1200 802 1236 844 ac

230 889 335 944 mutua
354 882 486 962 gentium
506 883 682 962 cognatione
707 882 863 961 opiniones
887 885 1043 963 babuerit,
1069 911 1108 951 cx
1131 912 1236 953 eorum

228 992 340 1053 tabulis
359 992 431 1050 satis
454 991 615 1069 perspicue
639 997 670 1049 et
695 991 825 1068 dilucido
850 1004 1061 1076 cognoscatnra
1091 1001 1174 1080 quod
1199 1000 1237 1062 ab

230 1099 412 1176 Apolloniam
436 1097 565 1164 relatum
590 1105 636 1158 est
652 1099 720 1174 ⁴⁵),
749 1101 842 1162 fuisse
866 1103 948 1162 inter
971 1107 1129 1179 Lycaonia
1145 1111 1238 1171 'filios

229 1198 412 1270 Μακεδνὸν
433 1206 599 1284 quendam,
628 1207 661 1266 id
688 1227 750 1268 non
778 1211 899 1269 omnino
928 1212 1138 1292 negligendum
1168 1240 1238 1281 esso
1265 1234 1274 1239 “

229 1316 381 1389 ducimus,
400 1318 507 1394 utpote
527 1331 586 1392 qua
605 1333 639 1372 re
659 1313 856 1395 significatum
875 1317 930 1391 sit,
950 1336 1010 1377 non
1025 1340 1147 1399 prorsus
1162 1327 1239 1386 alic-

223 1440 299 1487 ·nam
322 1424 414 1485 fuisse
439 1421 476 1482 ab
502 1422 681 1502 antiquitate
705 1442 772 1484 eam
785 1414 993 1500 sententiam,
1019 1447 1078 1506 qua
1104 1433 1240 1511 antiquis

229 1535 433 1597 Macedoniae
451 1536 556 1597 incolis
575 1535 659 1615 origo
674 1536 850 1613 Pelasgida
869 1535 1051 1598 attribuitur.
1091 1538 1149 1599 Cui
1169 1561 1238 1601 son·

226 1649 343 1709 tentiae
361 1653 396 1706 ut
414 1647 568 1719 accedam,
594 1646 727 1705 omnium
745 1648 875 1706 maxime
894 1646 995 1705 idme
1014 1654 1133 1724 motet,
1152 1652 1238 1730 quiod

228 1744 345 1821 ¹colonie
364 1757 423 1816 iilis
438 1755 620 1823 Hellenioie,
641 1775 716 1835 quos
737 1776 776 1816 ex
794 1756 896 1832 Argia
914 1757 946 1814 in
965 1773 1033 1815 eam
1051 1763 1165 1818 terram
1185 1760 1234 1820 de·

228 1867 335 1928 ductos
364 1884 429 1926 esse
458 1864 602 1924 traditum
634 1870 695 1938 est,
725 1864 801 1923 nibil
828 1865 942 1943 negotii
970 1864 1064 1927 inisse
1093 1877 1235 1950 apparet,

227 1994 347 2036 omnem
376 1974 531 2034 bominum
560 1973 784 2034 multitudinem
815 1976 847 2034 in
875 1977 1020 2035 Hellenos
1048 1985 1236 2041 convertere.

227 2082 300 2146 Mox
320 2085 399 2144 enim
421 2090 452 2144 ot
475 2103 575 2143 moros
594 2083 768 2140 Helleaicoc
793 2089 825 2143 et
849 2085 981 2166 linguam
1005 2087 1087 2146 inter
1110 2086 1167 2147 hos
1192 2089 1235 2148 ita

227 2196 389 2258 invaluisse
417 2195 570 2267 videmus,
601 2199 636 2252 ut
664 2192 845 2250 Hellenibus
873 2214 977 2255 omnes
1004 2195 1140 2272 incolae,
1167 2203 1235 2257 tota

226 2313 310 2367 terra
328 2303 456 2364 Helladi
476 2308 583 2384 coepta
602 2301 642 2361 sit
661 2303 858 2365 adnumerari.
897 2304 996 2383 Quam
1014 2325 1081 2365 rem
1097 2307 1234 2388 expediri

226 2433 289 2477 non
313 2435 403 2498 posse
427 2431 603 2495 persuasum
627 2411 715 2471 nobis
740 2420 801 2487 est,
831 2415 891 2473 nisi
915 2415 1021 2474 intimo
1046 2406 1234 2495 cognationis

225 2526 347 2590 vinomo
367 2503 436 2585 oum
449 2522 630 2582 Hellenibus
649 2522 787 2601 antiquos
806 2522 906 2584 terrae
925 2524 1038 2584 incolas
1058 2525 1234 2602 conjunctos

225 2638 290 2698 eive
309 2637 463 2712 Pelasgae
480 2634 573 2693 fuisse
592 2638 766 2709 statuamus,
787 2653 862 2713 quos
881 2635 1002 2714 quidem
1015 2633 1098 2693 nulio
1110 2635 1233 2716 negotio

224 2746 337 2829 ubique
355 2747 387 2806 in
406 2745 551 2802 Hellenas
568 2749 767 2803 commutatos
786 2763 852 2804 esse
871 2744 1009 2805 vidimus.

301 2856 406 2937 Quum
419 2860 519 2914 autem
533 2872 621 2933 supro
636 2856 805 2934 expositum
822 2854 872 2928 sit,
894 2859 1017 2927 terram,
1038 2873 1115 2934 qnae
1127 2863 1233 2935 postca

225 2966 413 3026 Macedonia
434 2963 583 3045 appellata
603 2964 658 3036 sit,
683 2962 757 3022 licet
781 2963 941 3022 maximam
966 2971 1102 3044 partem,
1130 2971 1233 3026 tamen

222 3096 284 3139 non
297 3080 436 3137 dunstani
445 3073 659 3131 Paeoniaram
670 3072 827 3130 nationum
840 3073 951 3147 sedem,
966 3075 1058 3134 etiam
1070 3072 1230 3133 Thraciae

224 3166 322 3269 gentis
341 3182 454 3245 incolas
473 3182 628 3253 habuisse,
647 3210 687 3225 -
705 3200 798 3260 quum
815 3188 991 3262 praetcrea,
1017 3183 1097 3243 inter
1119 3186 1232 3265 primas

223 3288 377 3370 nationes,
403 3310 480 3373 qaae
504 3292 576 3351 novi
600 3291 686 3369 regni
714 3289 822 3350 ditioni
850 3291 1025 3372 subjunctae
1054 3299 1140 3375 sunt,
1156 3313 1233 3356 -non

223 3407 323 3466 minus
344 3402 496 3462 Thraciae
514 3419 604 3479 qnam
623 3401 777 3456 Paeonios
800 3401 926 3481 populos
941 3401 1044 3477 faisse,
1064 3420 1120 3481 per
1142 3401 1232 3462 Taa-

219 3502 422 3590 ··cydide'm⁴⁶)
443 3510 544 3570 edocti
562 3509 705 3568 sciamusa
726 3510 876 3588 sequitur,
895 3516 930 3569 ut
947 3517 1132 3590 argumenta,
1151 3532 1230 3592 quae

221 3620 337 3682 ultimis
361 3621 436 3680 locis
456 3618 578 3679 anobis
602 3619 701 3697 posita
726 3625 810 3694 sunt,
837 3620 984 3698 siquidem
1000 3618 1158 3700 eprobondi
1182 3598 1228 3682 vis

221 3730 260 3791 iis
278 3730 368 3804 insit,
382 3729 508 3789 valeant
526 3728 565 3786 ad
583 3727 771 3807 probandum
789 3747 851 3788 non
869 3720 967 3788 solum
979 3731 1155 3798 Paeonum,
1175 3730 1230 3790 sed

223 3826 314 3901 eiiam
330 3836 491 3896 Thracum
509 3854 602 3918 genus
621 3836 833 3912 Pelasgieam.
867 3836 930 3898 Sed
949 3838 1021 3898 licet
1039 3836 1229 3918 probabilem

220 3949 265 4010 iis'
276 3947 364 4010 reddi
382 3947 461 4008 bane
480 3946 676 4021 sententiam,
696 3962 755 4025 qua
770 3945 910 4005 Thraece
928 3946 1099 4027 quoqne'ad
1111 3948 1228 4007 Peleo-

197 4057 200 4061 ’
218 4059 361 4138 gelonem
379 4057 559 4139 populorum
577 4074 735 4115 numerum
749 4055 984 4115 'adscribentem
1012 4066 1075 4114 non
1098 4074 1224 4126 neganti
