2566 4672
428 263 705 338 ..47-

64 445 169 520 aperto
190 438 258 511 erit,
278 443 388 525 terrae,
407 434 456 494 cui
475 440 581 514 postea
592 433 796 493 Macedoniae
814 450 924 495 nomeu
938 432 1066 493 inditum

64 551 120 623 eit,
140 547 230 626 longe
249 545 410 607 maximam
428 549 546 623 partem
559 544 723 625 antiquitus
742 542 908 624 poerediaae
928 540 1065 622 populor,

64 677 141 736 quoa
160 657 313 713 Paeoniae
331 662 450 714 veteres
469 653 632 732 scriptores
652 652 821 734 appellent,
845 652 984 731 exiguam
1001 656 1062 709 tuu-

65 773 147 841 t‘um,
178 783 254 844 quos
278 765 362 823 iuter
388 760 536 820 Thracica
561 767 729 823 numerent.
775 760 814 822 Et
839 763 865 822 ei
890 765 1065 840 quaeratur,

64 882 218 948 utrorum,
242 873 469 938 Paeoniomm,
494 888 533 929 an
561 868 785 940 Thraciarum,
811 891 829 932 e
853 890 979 932 numeru
1003 868 1066 948 ejus

62 985 159 1064 ipsius
188 981 318 1061 regionis
346 979 464 1041 incolae
487 978 580 1043 fuisse
604 978 834 1060 perhibeantur,
865 980 917 1041 ubi
937 979 1067 1061 primum

63 1111 186 1174 regumn
200 1090 441 1150 Macedonicam
455 1108 474 1150 a
489 1089 660 1147 Temenidae
671 1089 825 1151 conditum
836 1091 891 1151 uita
908 1088 999 1151 dubio
1016 1104 1065 1149 ea·

14 1230 27 1238 ··
62 1196 1063 1281 reaqnml’aeonasuerin1‚quumamachiam,qmm1³aoomu-
1088 1186 1092 1193 ¹

61 1311 161 1370 numae
171 1308 356 1370 inconfessis
367 1313 423 1381 eet,
436 1308 508 1368 novi
521 1309 604 1388 regui
617 1307 703 1388 quai
713 1308 891 1369 incunabula
903 1308 995 1369 fuieee
1004 1325 1065 1369 me·

66 1420 179 1479 moriae
189 1420 228 1479 sit
239 1415 460 1500 proditum⁴¹).
478 1414 730 1495 Ejuedcmuutem
738 1424 839 1481 torrae
851 1416 965 1478 incatur
975 1435 1065 1496 quum

66 1548 84 1587 u
100 1528 196 1604 Trogo
207 1527 347 1602 Pompejo
359 1528 434 1601 eive,
448 1525 499 1606 qui
512 1523 593 1585 huno
605 1527 638 1586 in
649 1528 802 1608 epitomen
812 1528 920 1609 mirga,
929 1528 1064 1591 lantino,

64 1636 164 1716 (cujus
184 1656 244 1695 non
269 1636 344 1697 levir
362 1637 395 1696 iu
413 1635 463 1695 trie
479 1634 571 1696 rebus
589 1639 768 1713 auctoritas,
791 1637 902 1718 qnippe
920 1636 972 1716 qui
994 1633 1065 1695 eatia

61 1751 202 1805 accurate
214 1765 250 1804 ac
263 1745 422 1826 diligenter
434 1745 573 1825 antiquos
587 1746 777 1805 Graecorum
787 1747 947 1807 historicos
957 1744 1064 1805 reddat

62 1857 137 1915 etin
146 1854 194 1915 his
207 1854 329 1935 quidem
346 1885 389 1901 -
406 1854 439 1914 id
457 1855 538 1934 quod
557 1854 727 1914 It'iehulur'o
739 1856 839 1937 placet
850 1887 889 1900 -
904 1857 1064 1914 Timaeum

59 1970 216 2025 auctorem
225 1971 368 2043 ecquutua
378 1982 444 2027 ease
454 1963 601 2041 videatur)
611 1966 763 2042 Pelaeggoe
772 1966 863 2028 suism
874 1965 1004 2027 relatum
1014 1965 1063 2036 eit,

61 2079 148 2134 recte
175 2091 213 2132 ex
237 2071 295 2131 hac
318 2073 513 2154 recolligere
538 2075 624 2134 nobie
646 2095 733 2157 posse
754 2077 905 2151 videmur,
923 2077 1064 2134 Paeones

58 2201 164 2238 orreaea
182 2179 229 2238 ad
242 2200 398 2258 maguam
413 2183 505 2239 illam
517 2184 692 2260 Pelasgam
707 2197 834 2262 gentem
851 2206 912 2242 eoae
927 2183 1062 2260 restrae-

59 2289 119 2349 doe.
158 2288 223 2351 Nee
243 2290 352 2353 demut
370 2293 521 2368 omniuo,¹
534 2313 611 2373 quae
630 2294 669 2354 ad
691 2295 749 2356 hoc
768 2295 972 2357 testimonium
992 2311 1061 2353 cou-

59 2399 242 2461 firmandum
261 2406 293 2461 et
312 2401 566 2463 corroborandum
584 2405 736 2484 pertinere
755 2405 923 2466 videantur.
960 2402 1062 2461 'l'radi-

60 2515 125 2570 tum
143 2517 191 2571 eet
208 2508 245 2570 ab
263 2510 414 2569 Herodoto
427 2509 492 2589 ⁴⁴),
510 2513 650 2570 Paeones
669 2533 701 2575 se
717 2533 736 2573 a
751 2514 877 2571 Teucria
895 2512 959 2570 sive
975 2510 1063 2566 'lior'-

61 2616 116 2675 bua
135 2625 216 2679 ortoe
235 2620 433 2699 praedicasse.
468 2623 555 2700 Quae
575 2641 625 2681 ree
643 2622 778 2701 quamvis
797 2640 858 2681 nou
877 2637 913 2679 ea
932 2617 987 2691 uit,
1013 2617 1060 2676 cui

60 2726 237 2808 simpliciter
254 2727 331 2789 fides
355 2729 519 2806 habeatur,
543 2736 646 2790 tamen
672 2730 817 2809 ejusmodi
840 2725 1061 2789 narrationibus

56 2856 122 2896 nou
139 2857 258 2899 ornnem
277 2838 399 2898 omniuo
418 2838 510 2901 fidem
535 2861 601 2903 esse
627 2840 846 2920 denegandam,
870 2839 924 2901 eed
947 2837 1060 2918 aliquid

56 2944 125 3005 veri
142 2946 179 3005 iio
203 2946 312 3022 inesse,
333 2960 497 3028 praeeunte
513 2949 703 3018 metuero,
721 2949 944 3024 contenderim
962 2947 1059 3009 declu-

55 3055 117 3115 rari
136 3055 184 3129 iio,
203 3056 346 3137 populos,
365 3077 441 3137 quoe
459 3059 588 3121 alterum
608 3080 647 3121 cx
665 3060 760 3121 altero
780 3060 906 3123 coloniis
924 3059 1061 3121 deductis

55 3164 106 3225 vel
130 3165 190 3224 elio
216 3167 346 3246 quodam
374 3167 465 3228 ruodo
490 3169 636 3250 originem
665 3172 792 3233 traxisse
820 3171 974 3252 preditum
1002 3170 1058 3244 eit,

52 3275 174 3353 generis
198 3279 375 3357 cognatione
401 3298 434 3339 se
459 3279 606 3360 attingere
632 3286 664 3339 et
689 3281 728 3339 od
756 3300 847 3341 unam
873 3281 1059 3358 eandemque

53 3390 178 3475 gentem
197 3405 263 3447 esse
281 3388 464 3449 referendos.
496 3387 601 3467 Itaque
621 3410 713 3468 quum
731 3410 822 3471 quarn
839 3389 969 3471 plurimu
987 3387 1059 3463 aiut,

53 3511 133 3571 quae
156 3496 248 3553 'l'roee
266 3496 426 3574 Pelasgae
444 3498 542 3578 gentio
560 3505 679 3579 partem
696 3501 788 3561 fuisse
812 3498 973 3571 suadeant,
998 3496 1058 3574 jam

52 3601 144 3663 iotam
163 3605 367 3667 narrationem
385 3606 604 3678 Herodoteam,
629 3629 668 3669 ex
690 3628 749 3688 qua
768 3609 915 3669 sententia
935 3606 974 3665 de
991 3606 1057 3663 Pe-

51 3711 175 3788 lasgico
197 3715 359 3773 Paeoniae
387 3718 484 3798 gentis
515 3736 626 3798 genere
658 3718 842 3797 aliquantum
874 3715 991 3776 roboria
1019 3732 1058 3777 ac

50 3817 237 3883 firmaruenti
262 3825 377 3905 capiat,
402 3825 451 3885 vel
469 3829 600 3889 maxime
624 3826 764 3887 idoneam
791 3847 873 3900 cese,
900 3826 969 3905 quir
994 3830 1056 3902 eet,

53 3930 128 4008 quin
154 3931 327 4014 intelliget?
345 3934 464 4013 ‚Quum
490 3943 649 4016 praeterea
678 3935 760 3997 idem
787 3934 977 4009 Nabedrn'ua
1005 3956 1054 3999 ve÷

53 4037 172 4100 rierime
200 4043 371 4114 monuerit,
403 4045 495 4105 etium
518 4043 708 4120 &molegio
723 4045 821 4118 istie,
840 4046 900 4125 -qui
920 4045 1054 4139 ..heromo
