2566 4672
516 275 767 321 -V1-

145 420 407 513 subtilissimas,
432 432 476 498 ut
490 422 531 498 in
545 427 685 497 ,attera
709 421 873 499 editione
892 429 927 522 *)
952 428 1046 521 libri,
1074 435 1140 532 qni

144 548 373 625 inscribitur:
424 546 621 625 Rbmische
653 544 878 626 Geschichte
909 581 983 632 von
1015 562 1064 634 B.
1088 563 1140 639 G.

142 678 326 751 Niebuhr.
359 674 388 752 L
423 673 539 750 Theil.
597 671 725 750 Berlin
767 681 875 758 1827.
927 709 964 782 p.
995 689 1018 759 7
1057 707 1142 782 sqq.

143 802 333 906 leguntur,
358 801 421 889 iis,
452 818 546 898 quae
573 825 648 900 ego.
668 798 715 875 dc
741 800 867 878 eadem
892 832 933 879 re
960 793 1143 881 commen-

143 936 239 1029 tatus
276 954 372 1014 sum,
416 924 522 1023 quasi
567 923 793 1001 fundamenti
818 927 910 1002 -loeo
957 933 1140 1030 subjectas

144 1077 235 1128 esse.
291 1048 416 1152 Quum
455 1059 578 1123 tamen
616 1075 694 1125 non
725 1052 1000 1129 observationes
1033 1085 1140 1156 quas-

28 1278 32 1285 .
143 1175 223 1250 dam
256 1175 302 1249 ad
334 1174 432 1249 hunc
463 1173 609 1264 liluum,
648 1173 730 1276 sed
746 1176 929 1275 peculiare
961 1181 1138 1279 scriptum

141 1306 290 1376 exarare
317 1300 357 1375 in
373 1299 491 1374 animo
519 1308 634 1388 esset,
660 1327 708 1373 ne
727 1298 943 1400 ea-quidem,
970 1300 1134 1401 adquae

142 1436 181 1500 et
206 1424 452 1500 consentirem
478 1451 558 1498 cum
583 1423 629 1500 V.
656 1423 730 1514 Cl,
756 1450 827 1500 nee
849 1425 948 1525 quod
963 1427 1134 1500 adderem

143 1553 184 1627 in
209 1562 382 1656 promptu
406 1560 518 1639 esset,
553 1551 660 1651 plane
687 1551 888 1627 omittenda
913 1562 1034 1640 crant3
1059 1551 1135 1639 sed,
1178 1590 1184 1601 ·

62 1696 70 1705 “
140 1680 266 1782 paucis
290 1679 380 1753 haec
401 1676 701 1797 lcomplerant-ibi
718 1688 868 1765 tantum,
899 1677 962 1749 ubi
979 1687 1040 1748 aut
1065 1675 1138 1749 ‹lis-

142 1803 341 1881 cedendnm
366 1799 454 1874 mihi
482 1827 564 1876 esse
589 1803 634 1875 ab
661 1802 722 1875 illo
749 1810 955 1885 censerent,
987 1811 1049 1874 aut
1074 1799 1135 1872 ha·

140 1930 276 2018 berem,
303 1954 396 2027 quae
423 1927 469 2000 ad
495 1927 715 2002 sententiam
740 1926 785 1999 ab
812 1925 873 1998 illo
899 1923 1134 2027 propositam,

138 2052 298 2153 mihique
325 2053 513 2154 probatam
538 2051 599 2127 vel
615 2051 729 2152 magis
755 2050 1046 2141 confirmandam,
1075 2051 1136 2127 vel

138 2178 287 2252 uberius
330 2177 579 2279 explicandam
623 2177 753 2251 idonea
792 2202 874 2251 esse
911 2176 1135 2264 viderentur,

138 2303 253 2377 fusius
287 2313 396 2403 atque
431 2303 597 2378 subtilius
624 2301 815 2402 disputavi,
868 2301 981 2402 Quod
1014 2311 1136 2374 autem

105 2425 109 2431 ’
138 2428 239 2508 locos
264 2438 431 2503 veterum
448 2439 645 2517 auctorum,
673 2438 712 2501 et
729 2455 822 2527 quae
848 2430 1135 2503 Niebnbrinnae

139 2563 177 2627 et
204 2582 297 2654 quae
324 2582 425 2630 meae
452 2555 657 2631 sententiae
684 2554 911 2628 firmamenta
928 2539 1031 2644 sunt,
1057 2552 1136 2624 ubi-

136 2704 206 2779 que
233 2681 311 2754 sere
339 2685 562 2761 adverbum
587 2682 626 2754 in
652 2683 907 2757 annotationes
939 2679 1136 2777 transcrip-

135 2814 195 2878 tos
228 2804 330 2894 dedi,
368 2808 436 2880 hac
469 2808 522 2880 dei
540 2834 581 2879 re
607 2834 654 2880 ne
688 2807 727 2878 in
751 2807 914 2881 virorum
946 2805 1135 2887 doctorum

136 2927 461 3030 reprehensionem
479 2930 669 3013 incurram,
687 2910 834 2998 minime
852 2949 994 3003 vereor,
1038 2924 1134 2998 Mihi

138 3054 236 3127 enim
266 3077 395 3152 magno
428 3051 562 3123 litteris
596 3049 840 3139 emolumento
877 3049 956 3120 sore
988 3075 1134 3151 pepsna-

138 3179 319 3267 sissimum
345 3185 412 3264 est,
439 3175 479 3263 si,
508 3175 569 3272 qui
596 3174 641 3246 de
660 3173 810 3272 singulis
836 3171 1010 3244 historiae
1038 3169 1143 3267 capi.

136 3304 235 3377 tibus
262 3301 494 3402 quaestiones
518 3277 705 3372 accuratas
731 3296 883 3384 habent,
918 3295 1015 3369 idern
1040 3295 1133 3368 sace-

137 3439 223 3503 rent
254 3453 394 3514 omnen,
429 3436 470 3498 ut
502 3452 575 3497 non
603 3423 717 3497 solum
743 3421 950 3522 relegarent
975 3423 1132 3495 lectores

138 3555 184 3626 ad
209 3555 423 3656 scriptores,
459 3552 521 3652 qui
554 3551 766 3651 plerumque
799 3548 838 3621 in
867 3549 1032 3623 manibus
1053 3571 1132 3616 non

136 3711 290 3725 δ-α-

205 3786 233 3853 *)
254 3786 374 3837 Tertiam
392 3784 451 3840 libri
463 3785 602 3839 editionem
612 3797 669 3835 tum
686 3784 788 3835 demum
807 3782 871 3835 mihi
889 3779 1034 3837 innotuisse,
1053 3797 1132 3844 quum

139 3872 319 3924 commentatio
338 3892 395 3924 mea
420 3871 472 3944 jam
489 3869 555 3944 typis
579 3867 683 3921 exscribi
707 3884 797 3938 coepta
821 3880 896 3927 esset,
919 3865 1024 3914 lectores
1042 3863 1131 3912 admo·

138 3975 199 4006 nere
215 3974 317 4013 necesse
334 3957 425 4008 habeo.
