2566 4672
510 264 787 338 ..64-

151 431 418 514 narrationibus
453 442 594 511 tantum
625 460 699 510 non
736 435 902 512 omnibus
939 439 1029 513 nihil
1064 442 1145 514 veri

149 571 291 661 inesse,
315 568 387 644 nisi
413 569 511 671 quod
536 569 723 668 utriusque
748 577 869 644 terrae
897 572 1035 647 incolae
1062 598 1146 671 cog-

149 705 299 782 natione
324 730 365 781 se
391 704 644 806 attingebant·

544 876 745 893 m

129 1061 133 1065 .
225 1004 307 1070 Nihil
325 1005 384 1084 jam
402 1003 552 1083 reliquum
571 1007 636 1076 est,
662 1021 751 1081 quam
770 1010 819 1079 ut,
840 1023 915 1086 quae
935 1009 1025 1067 modo
1044 1007 1142 1088 posui·

149 1130 231 1189 mus,
250 1114 352 1195 paucis
370 1110 547 1169 illustranda
567 1129 632 1169 esse
651 1110 819 1174 videantur.

217 1229 250 1283 ,1.
287 1219 352 1281 Nec
375 1217 529 1276 Thraciae
548 1238 605 1278 nec
623 1217 722 1275 Asiae
741 1223 865 1279 minoris
885 1229 1010 1303 praeter
1028 1243 1082 1284 eos
1100 1224 1143 1284 in·

148 1329 243 1407 colas,
263 1329 329 1410 qui,
350 1346 407 1411 qua
426 1334 508 1388 terra
527 1329 558 1386 in
578 1347 716 1389 occasum
728 1331 841 1412 vergit,
861 1350 944 1420 oram
963 1332 1145 1392 maritimam

146 1439 306 1514 tenebant,
335 1458 465 1519 uuquam
489 1437 635 1514 Pelasgis
662 1459 772 1499 nomen
800 1441 907 1516 luisse,
936 1461 997 1500 nou
1024 1442 1144 1500 tantun

147 1549 302 1632 probabile
331 1569 411 1622 esse,
440 1547 493 1607 sed
521 1565 577 1628 pro
608 1554 691 1607 certo
720 1550 839 1610 videtur
867 1549 1009 1610 affirmari
1037 1567 1141 1628 posse,

147 1679 255 1739 quum,
276 1657 301 1718 si
319 1675 367 1717 res
386 1676 470 1716 secus
490 1674 522 1714 se
542 1654 711 1731 habuisset,
741 1658 861 1738 aliquod
881 1665 964 1718 certe
983 1656 1072 1735 hujus
1089 1675 1141 1715 uo·

145 1770 235 1832 minis
252 1767 409 1846 vestigium
428 1771 579 1824 servatum
597 1765 682 1824 nobis
702 1767 1002 1848 esscpropemorlum
1016 1781 1140 1825 necesse

147 1882 243 1951 esset,
267 1874 444 1956 praesertim
469 1894 560 1953 quum
584 1893 645 1933 non
671 1876 776 1933 eadem
795 1882 884 1954 atque
904 1877 935 1934 in
956 1876 1093 1933 Graecia
1111 1874 1144 1932 iu

145 1984 194 2070 bis
216 1985 306 2044 terris
332 2001 420 2043 causa
447 1989 541 2056 esset,
570 2001 662 2061 quare
689 1984 916 2064 extingueretur
944 1989 977 2044 et
1001 1983 1143 2043 oblivioni

147 2093 277 2153 daretur.
319 2089 512 2172 Quapropter
534 2090 737 2167 Pelaegieam
756 2113 864 2149 nomen
883 2093 1034 2175 peculiare
1053 2092 1144 2156 luisse

132 2201 255 2271 ,nullius
279 2200 375 2281 gentis
399 2202 509 2281 partis,
531 2199 591 2258 nisi
618 2201 770 2257 Graeciae
799 2204 948 2280 antiquae
977 2203 1165 2263 incolarum·

144 2311 335 2372 statuendum
363 2311 430 2370 erit.
474 2308 554 2370 Num
584 2310 676 2368 etium
705 2310 743 2368 ad
771 2311 915 2386 Epirotas
945 2314 1143 2392 pertinuerit,

114 2466 122 2481 ..
145 2419 282 2480 dubitare
309 2419 399 2490 licet3
426 2395 587 2479 uerisimile
616 2425 718 2478 tamen
747 2426 808 2496 est,
842 2441 933 2500 quum
961 2429 993 2481 et
1023 2428 1143 2482 veteres

144 2531 306 2612 scriptores
324 2529 476 2614 Pelasgos
493 2527 549 2586 hos
567 2527 659 2586 fuisse
670 2567 672 2570 ⁴
684 2547 829 2588 consensu
851 2531 985 2603 tradant,
1012 2551 1070 2590 uec
1096 2532 1144 2590 dc·

145 2639 222 2716 sint,
241 2660 280 2719 ex
299 2632 420 2718 quibus,
440 2643 475 2694 nt
493 2657 564 2696 vere
584 2637 697 2695 dictum
717 2639 871 2712 videatur,
892 2637 1048 2699 efficiatur.

222 2740 250 2808 Q.
281 2731 371 2826 Quod
389 2746 428 2804 ad
449 2763 500 2804 eos
520 2744 617 2801 Asiae
637 2730 727 2825 atque
746 2747 923 2804 insularum
942 2748 1055 2808 incolas
1076 2750 1143 2809 atti·

143 2860 213 2929 net,
234 2876 300 2934 qur
309 2855 442 2929 Pelasgi
466 2853 557 2912 fuisse
577 2854 689 2913 diserte
709 2856 884 2930 traduntur,
913 2857 992 2936 quod
1013 2859 1144 2917 secundo

131 2944 211 3024 'loco
235 2965 402 3044 pofflmus,
426 2982 499 3022 vero
525 2962 610 3020 nobis
638 2963 757 3045 videtur
781 2967 958 3043 proximum.
996 2965 1031 3024 Iu
1059 2966 1144 3028 hisce

141 3071 232 3153 terris
259 3073 375 3157 primae
399 3071 533 3126 coloniae
552 3071 732 3129 Hellenieae
757 3075 935 3149 constitutae
966 3081 1043 3137 suut
1084 3075 1146 3156 Qui

73 3243 77 3251 ,
142 3197 236 3258 (prum
247 3181 465 3260 cognovissent,
485 3178 597 3237 incolas
617 3179 771 3254 institutis,
790 3181 914 3263 legibus,
934 3185 1035 3264 lingua
1051 3205 1145 3263 quum

142 3286 190 3347 sui
208 3287 341 3368 ipsorum
354 3284 474 3361 similes,
495 3293 558 3346 tum
571 3304 643 3346 vcro
657 3284 858 3367 reliquiarum,
880 3312 955 3370 quae
977 3293 1013 3352 de
1036 3294 1144 3373 priscis

143 3392 251 3457 incolis
274 3396 452 3472 Pelasgicis
482 3395 514 3453 in
544 3395 609 3474 ipsa
639 3397 774 3454 Graecia
803 3401 1046 3479 reperiebantur,
1059 3446 1063 3453 a
1077 3421 1143 3462 esse

145 3505 326 3579 simillimos,
354 3504 421 3565 fieri
444 3505 497 3564 vix
521 3506 636 3582 potuit,
666 3506 737 3583 quin
766 3508 824 3566 illis
850 3529 968 3587 quoquc
996 3509 1144 3586 Pelasgae

144 3633 257 3693 nomen
280 3615 421 3673 lacerent.
459 3611 538 3671 Nam
561 3612 633 3671 licet
658 3617 906 3688 concesserimus,
932 3638 992 3675 uon
1015 3614 1168 3697 prorsus

55 3721 57 3725 ’
144 3721 307 3782 abhorrere
326 3742 344 3780 a
362 3741 433 3779 vero
455 3740 558 3778 eorum
577 3723 769 3797 senteutiam,
797 3724 847 3804 qui
873 3744 976 3783 manus
996 3727 1141 3805 quasdam

143 3830 332 3907 Pelasgicas
349 3815 381 3887 in
398 3827 519 3884 imulas
539 3835 667 3886 ctorem
680 3831 791 3901 Asiae,
807 3835 958 3889 Graeciae
971 3831 1142 3907 finitimam,

141 3936 342 4020 lrmsgressos
361 3955 427 3998 esse
446 3940 593 4010 statuant,
615 3932 706 3997 fidem
725 3944 825 3997 tamen
846 3939 992 4002 excedere
1011 3943 1143 4018 videtur,
