2566 4672
477 1123 827 1261 CaputIL

264 1454 266 1459 Ι
311 1360 369 1426 De
399 1354 749 1451 universugente
773 1360 994 1455 Pelasgiea.
1029 1452 1051 1471 Ι,

607 1547 633 1644 ξ.
661 1557 693 1626 5.

153 1715 353 1839 Omnium,
381 1750 441 1848 qui
469 1747 515 1820 de
550 1749 710 1849 antiquis
747 1759 890 1824 ltaliae
924 1755 1051 1828 incolis
1079 1757 1152 1834 dis-

150 1894 354 1972 seruerunt‚
381 1893 458 1956 tuni
484 1888 649 1958 veterum
677 1885 895 1984 scriptorum
921 1897 997 1960 tum
1024 1917 1166 1988 reeen-¹

148 2019 282 2093 tiorum
306 2043 380 2089 una
407 2027 446 2090 et
462 2017 706 2091 ¹consentiens
738 2045 809 2093 vox
843 2031 910 2111 est,
944 2049 964 2095 e
997 2052 1150 2101 nurnero

80 2197 82 2200 ·
148 2124 284 2240 eorum,
312 2138 375 2250 qui
401 2151 600 2250 antiquitus
627 2150 720 2224 huuc
746 2161 879 2226 terrun]
911 2157 1149 2249 obtinuerint,

146 2287 257 2360 fuisse
284 2284 438 2386 populos
464 2284 584 2384 gentis
612 2291 812 2383 Pelasgae.
843 2287 1003 2363 Eosdem
1029 2303 1151 2367 autem
1184 2343 1190 2356 -

148 2422 186 2493 iu
212 2429 336 2522 partos
362 2418 462 2490 ubire
488 2417 592 2492 rides
610 2417 884 2512 diversissimas7
912 2451 1021 2525 quum
1040 2454 1149 2525 quao-

132 2557 210 2649 fis,
237 2580 413 2655 quaenam
439 2551 630 2628 universae
655 2555 776 2655 gentis
807 2556 943 2631 fuerint
974 2561 1146 2662 origines,

148 2714 237 2788 quas
268 2687 375 2762 sedes
407 2687 608 2787 antiquitus
641 2691 812 2780 tenuerit,
848 2719 916 2790 quu
957 2705 1056 2766 sorte
1096 2698 1147 2772 sit

113 2848 207 2893 -usu
243 2833 312 2899 etc,
347 2820 543 2921 Quumque
578 2849 623 2897 ex
655 2823 945 2923 discrepantibus
978 2825 1023 2896 de
1059 2831 1145 2904 uui-

148 2981 250 3028 versu
277 2965 387 3055 gente
414 2955 557 3056 placitis
572 2983 647 3030 non
674 2958 792 3028 minus
816 2953 980 3028 diversae
1008 2959 1052 3033 (le
1070 2965 1144 3039 sin.

145 3088 237 3184 gulis
292 3090 434 3189 populis
483 3089 610 3187 iisque,
659 3088 721 3186 qui
766 3093 926 3161 Italiam
978 3098 1141 3189 tenuisse

142 3223 322 3309 dicuntur,
375 3224 538 3295 oriantur
580 3248 732 3299 necesse
782 3221 831 3293 sit
881 3233 919 3295 et
969 3254 1008 3301 re
1053 3257 1139 3306 vera

143 3366 244 3427 ortae
272 3356 355 3446 sint,
382 3357 558 3458 sequitur,
590 3367 629 3430 ut
660 3355 867 3456 quicunque
901 3375 1068 3437 accurate
1102 3378 1141 3441 et

141 3489 337 3588 diligenter
363 3493 401 3565 in
428 3491 587 3589 origines
605 3588 611 3599 .
628 3487 830 3588 priscorum
864 3498 1006 3568 Italiae
1040 3500 1140 3573 inco-

94 3695 96 3699 .
139 3623 254 3695 larum
280 3625 518 3727 inquisiturus
544 3601 664 3721 sttui
692 3624 827 3713 eurlern,
847 3652 953 3724 quffln
979 3633 1049 3725 jum
1076 3660 1138 3706 ve.

138 3769 237 3831 teres
264 3771 432 3834 auctores
459 3761 642 3859 ingressos
669 3784 751 3831 esse
785 3758 958 3846 videmus,
992 3762 1050 3836 via
1076 3768 1137 3841 in-

135 3891 330 3991 gredienda
360 3906 396 3966 et
423 3896 468 3967 de
495 3912 629 3968 cuncta
649 3900 898 3988 Pelasgorum
924 3911 1038 3984 geute
1063 3900 1135 3975 ‹lis-
