2566 4672
420 274 695 350 ..97-

125 449 176 522 31)
198 446 331 521 &oplan-
354 445 418 516 Byz.
440 441 581 516 Κρὴστινν,
600 441 678 506 πόλις
694 443 808 516 θρᾴνης·
831 447 895 500 lassa
911 445 941 500 dl
958 447 1021 501 drus
1038 452 1053 516 ἡ

50 548 203 624 Κρησσύνη
216 543 281 619 παρ’
297 544 439 617 Ἡροδότῳ.
478 547 626 618 Λυκόφρων

255 647 448 720 Ὅριομοσῆσσι
461 643 508 700 τόν
522 667 550 699 τε
566 646 724 718 Κρησνιὶνης
739 645 809 704 θοόν.

126 750 349 823 Legendumesse
366 745 523 821 Korada,
538 767 564 802 rt.
584 747 1055 821 O.l.d.s.r‘1Kpr]aravst.‘H-,

52 855 315 928 &brisiglsdssserus
330 856 384 920 jun
400 856 502 906 monuit
518 853 551 904 ad
568 852 670 906 Herod.
687 854 720 904 V.
736 852 762 908 4„

126 958 175 1027 32)
191 955 296 1009 Herod.
314 957 335 1008 1.
352 954 395 1013 57,
413 982 447 996 -
467 958 543 1004 Ίοΐσι
558 955 603 1004 νῦν
619 955 656 1004 hi
673 955 745 1005 lotias
758 955 909 1020 Πελασγῶν,
925 960 977 1008 τῶν
993 955 1062 1026 ὑπὲρ

60 1052 200 1133 Ίὶνρσηνὸν
223 1055 369 1126 Κρήσσωνσ
391 1056 466 1108 πόλιν
487 1056 625 1118 οἰκεόντων,
643 1053 669 1108 οἳ
691 1054 803 1124 ὅμουροί
824 1074 881 1107 κοτε
903 1053 967 1123 ἦσαν
988 1066 1056 1111 τοῖσι

57 1164 106 1211 νῦν
120 1160 248 1237 Δωριεῦσι
264 1152 443 1224 ναλεομὶνοισι·
462 1161 544 1209 οἴκεον
560 1157 588 1208 dl
604 1158 743 1222 mazeira
759 1160 806 1222 γῆν
821 1156 866 1222 τὴν
888 1162 932 1209 νῦν
954 1161 1055 1214 Θεσσα-

60 1262 149 1312 λιῶτιν
170 1261 370 1326 achonitae-
386 1276 411 1317 κ,
430 1277 454 1309 τ.
472 1258 494 1308 l.
529 1262 585 1308 Καὶ
607 1258 658 1327 γὰρ
682 1258 714 1323 δὴ
737 1258 794 1309 οὔτε
818 1262 843 1309 ol
861 1263 1056 1328 Κρηστωνιῆται

60 1358 204 1427 οὐδαμοῖσι
235 1365 285 1411 τῶν
311 1364 356 1411 νῦν
380 1378 460 1429 σφεας
486 1359 674 1430 περιοικεόντων
705 1359 767 1409 riola
795 1356 971 1425 ὁμόγλωσσοι,
1000 1365 1056 1414 οὔτε

63 1481 86 1516 κ.
106 1482 129 1517 τ,
147 1464 171 1517 λ,

134 1562 184 1628 33)
201 1563 311 1631 Dionys.
328 1565 424 1616 Holic.
442 1561 547 1633 Antiqu.
565 1567 594 1618 R.
614 1564 634 1616 Ι.
653 1563 726 1618 ο29.
744 1563 796 1626 ubi,
813 1564 945 1616 Etruscos
963 1580 988 1617 et
1006 1565 1059 1619 Pe-

63 1663 160 1733 lasgos
180 1663 273 1717 diversi
298 1668 400 1733 generis
428 1668 504 1717 luisse
529 1665 763 1727 demonstraturus,
795 1678 946 1730 argumento
973 1671 1058 1729 utitur,

59 1768 144 1834 petito
161 1783 175 1816 a
192 1764 291 1818 diversa
308 1769 446 1818 amborum
464 1768 623 1835 populorum
639 1768 728 1832 lingua
745 1765 850 1832 ejusque
872 1767 911 1815 rei
932 1768 1058 1819 Herodo-

59 1876 120 1919 tum
143 1880 277 1920 auctorem
293 1867 393 1934 laudat,
417 1870 489 1933 cujus
506 1868 583 1919 verba
600 1868 633 1919 ita
650 1869 734 1929 alfort,
751 1878 781 1917 ut
797 1867 856 1917 loco
873 1867 1058 1934 „Konstanti-

60 1973 125 2015 ‘rad‘
142 1969 360 2034 „Kpotarsdrafi
378 1969 507 2032 exhibeat,
529 1973 613 2036 itaque
632 1986 694 2018 eum
711 1969 737 2017 in
754 1970 792 2030 iis,
811 1986 875 2034 qnae
898 1969 1058 2036 antecedunt,

60 2071 121 2119 loco
138 2064 283 2136 Κρήσιονσ
300 2097 334 2108 -
351 2066 480 2135 Κρότωνα
496 2071 588 2135 legisse
605 2082 699 2137 pateat.
735 2059 737 2063 ¹

129 2169 173 2236 34)
196 2171 352 2238 Nuperrisne
370 2168 553 2234 Niebuhrius,
578 2175 617 2221 sir
634 2188 691 2220 mea
710 2165 784 2220 laude
801 2170 897 2236 major,
920 2172 985 2223 hanc
1002 2190 1063 2223 sen·

61 2273 169 2320 mutiam
193 2270 382 2321 defendendam
405 2273 529 2338 suscepit,
551 2271 608 2332 sed,
626 2270 698 2337 quod
717 2273 785 2322 salva
802 2289 845 2334 ea,
863 2290 928 2338 quae
945 2275 989 2324 tali
1006 2276 1061 2324 viro

63 2371 180 2435 debetur,
196 2375 350 2434 reverentia,
376 2371 475 2423 dictum
492 2375 532 2434 sit,
549 2372 706 2438 argumentis
723 2387 793 2436 usus,
809 2372 903 2438 quibus
920 2374 983 2423 mihi
1002 2378 1061 2441 qui-

63 2470 134 2529 dem,
152 2487 181 2524 ut
197 2476 224 2524 in
242 2472 352 2524 eandem
369 2475 448 2534 irem,
465 2471 612 2541 persuaderi
629 2473 788 2533 non‘potuit.
813 2472 879 2520 Nam

108 2574 130 2633 1.
150 2576 221 2640 quod
244 2576 329 2640 primo
352 2574 415 2622 loco.
434 2573 466 2622 ab
491 2591 522 2622 eo
551 2573 665 2638 positum
693 2583 744 2633 est,
773 2567 924 2619 Hellanico
949 2573 1062 2622 a'uotore

148 2673 284 2743 Pelasgos
304 2673 446 2724 Crotonem
463 2675 556 2722 urbem
573 2672 713 2721 incolentes
731 2688 811 2737 genus
830 2670 925 2718 (lucere
935 2686 965 2719 ex
978 2669 1063 2720 Thes-

148 2772 238 2833 salia,
262 2774 429 2824 Herodotum
451 2776 514 2823 item
532 2771 640 2834 tradere,
666 2773 736 2820 urbis
760 2790 773 2820 a
797 2788 823 2820 se
847 2785 1063 2821 commemoratae

149 2876 247 2924 incolas
264 2877 402 2942 antiquitus
419 2877 447 2925 in
466 2866 667 2922 Thessaliotide
691 2872 815 2921 habitasse
834 2899 867 2909 -
885 2889 976 2921 rerum
998 2873 1063 2925 iilud

150 2975 270 3043 quidem,
288 2975 344 3027 ⁴sed
362 2979 474 3042 ingenue
497 2974 562 3023 mihi
584 2972 717 3024 fatendum
740 2985 790 3034 cst,
814 2990 856 3021 me
882 2973 988 3039 quidem
1012 2993 1063 3024 οοο

148 3079 299 3143 intelligere,
317 3095 433 3146 quonam
449 3076 506 3141 jure
525 3094 556 3126 ex
573 3076 663 3126 haere
682 3075 813 3136 efficiatur,
831 3087 860 3123 ut
882 3076 953 3123 locus
977 3077 1065 3125 Hero-

148 3178 245 3230 doteus
268 3180 300 3230 de
327 3176 453 3247 Pelasgis
471 3191 539 3242 agat,
566 3179 609 3243 qni
626 3179 653 3225 in
671 3174 789 3225 Italiam
807 3193 838 3225 ex
856 3175 985 3225 Thessalia
1002 3195 1066 3241 pro-

149 3258 283 3331 seai'sins
317 3281 375 3330 Hoc
392 3278 499 3345 quidem
517 3296 576 3327 eum
594 3279 677 3342 aliqua
695 3280 749 3327 veri
766 3278 848 3344 specie
867 3275 987 3326 contendi
1003 3294 1066 3341 pos-

143 3394 203 3443 ·set,
220 3383 286 3430 siin
304 3382 403 3431 nullam
421 3381 497 3429 aliam
514 3391 611 3428 terram
628 3381 677 3427 nisi
694 3381 721 3427 in
738 3375 854 3429 Italiam
869 3393 902 3424 ex
922 3372 1065 3424 Thessalia

150 3479 281 3549 Pelasgos
292 3484 458 3548 immigrasse
470 3479 593 3529 traditum
610 3491 682 3529 essot.
717 3479 807 3544 Quum
825 3480 911 3524 autem
929 3477 955 3522 in
973 3491 1066 3539 quam-

151 3583 275 3649 plurimas
297 3599 378 3635 terras
395 3581 456 3631 inde
480 3583 569 3631 exiisse
594 3579 724 3640 dicantur,
754 3578 874 3641 equidem
899 3592 952 3622 non
980 3573 1065 3636 video,

150 3682 216 3748 quid
232 3682 363 3749 impediat,
381 3684 519 3748 quominus
536 3694 682 3741 statuamus,
700 3677 839 3727 Herodoto
857 3676 988 3743 placuisse,
1006 3692 1067 3740 pai·-

148 3797 204 3833 tem
221 3781 403 3851 Pelasgorum
414 3780 558 3832 Thessalia
570 3781 717 3845 ejectorum,
736 3780 761 3825 in
779 3778 914 3826 finitimam
931 3775 990 3823 lruio
1001 3775 1067 3823 Ma·
1154 3794 1157 3799 ·

151 3883 293 3935 redoniam
312 3883 344 3933 ad
361 3901 441 3935 novas
458 3883 531 3933 sedes
549 3881 705 3948 quinci-eudas
724 3878 833 3940 abiisse.¹

850 3983 867 4001 n

855 4006 862 4030 l
