2566 4672
500 297 775 372 -45-

135 474 358 556 quaerendam,
383 489 472 553 quam
495 470 528 530 iu
553 486 605 544 ea,
631 488 723 550 quam
740 486 829 551 supra
847 468 1013 529 namatius
1032 464 1135 529 iciirri·

134 586 251 658 vimus,
281 580 486 641 Macedoniae
514 584 619 661 parte,
650 579 710 639 nisi
739 579 905 653 Dionysias
931 578 1055 645 Halia„
1083 578 1137 657 qui

134 695 223 753 illum
242 692 390 749 Herodoti
413 691 511 750 locum
535 690 567 747 in
590 706 661 747 suos
688 688 726 747 de
751 684 977 767 antiquitatibus
998 684 1139 747 Roassts

137 803 233 862 libros
251 802 448 883 transcripsit,
466 800 498 858 in
517 799 630 858 locum:
649 788 963 881 ,,Κρηστωνιῆται“
984 790 1141 879 „liparas-

140 903 296 982 orirer«,
323 910 342 969 i.
369 929 393 968 e.
423 906 505 966 urbis
531 906 700 975 corrosae,
730 926 820 987 quarn
851 906 985 965 Graecis
1017 910 1142 987 parapter

138 1019 344 1080 celebritatem
368 1014 498 1074 nominis
522 1012 661 1071 Crotonis
684 1044 724 1058 -
747 1021 782 1073 ut
804 1012 943 1071 Thomas
969 1015 1009 1075 tle
1027 1012 1144 1073 Piarrh

133 1129 234 1189 verbis
253 1134 322 1188 utar
340 1155 379 1171 -
397 1117 564 1208 Κρότωνα
584 1141 696 1184 vocare
717 1126 809 1183 morie
835 1130 917 1197 eret,
949 1123 981 1183 in
1006 1122 1142 1185 Etmle

136 1236 211 1295 sitae
230 1235 360 1309 incolas,
381 1234 584 1294 substituisset
599 1233 660 1307 ii).
695 1228 765 1310 Quo
783 1231 896 1291 isdum
914 1236 978 1306 est,
996 1238 1033 1293 ut
1050 1250 1142 1313 quent

136 1344 278 1425 plurimi,
299 1344 442 1418 Dionysii
467 1340 648 1401 auctoritate
669 1342 815 1421 permoti,
838 1346 1023 1417 statuerent,
1042 1340 1141 1399 llere-

145 1452 249 1508 dotam
267 1449 290 1510 i,
309 1451 330 1510 l.
356 1451 477 1510 omnino
502 1468 565 1508 nou
589 1449 627 1508 de
651 1446 726 1508 urbe
748 1450 1014 1519 Orestorraeoram‚
1034 1452 1142 1507 Mace-

144 1559 254 1616 <ioniae
273 1559 457 1632 incolarum,
480 1558 534 1618 aed
553 1557 592 1617 rie
611 1556 732 1616 Italica
748 1557 823 1619 urbe
841 1558 925 1637 loqui
940 1560 998 1634 ⁸⁴).
1034 1556 1145 1621 Utrun-

144 1689 204 1749 que
225 1674 327 1728 autem
345 1668 421 1728 haee
440 1688 490 1727 res
511 1688 544 1727 se
555 1666 659 1743 babet,
679 1666 737 1727 boc
749 1666 872 1727 dubium
885 1686 951 1727 esse
962 1686 1023 1727 uon
1037 1674 1146 1749 potest,

138 1779 214 1858 quin
234 1799 273 1838 ex
292 1777 351 1837 hoe
369 1778 440 1838 loeo
453 1777 619 1835 Hemeseo
636 1784 843 1859 argumentum
861 1796 919 1859 pro
932 1776 1073 1853 Pelasga
1088 1796 1148 1835 arr·

138 1890 382 1965 tiqaissimoram
410 1885 501 1967 hujus
528 1888 658 1968 regionis
683 1888 849 1947 incolarum
877 1888 992 1969 origiue
1020 1906 1079 1947 nou
1106 1888 1146 1949 rit

138 1998 324 2078 petendum
347 2015 418 2055 nam
443 1996 560 2056 etiarnsi
579 2003 708 2073 statuas,
728 1997 776 2077 egi
796 1997 834 2056 de
855 1996 930 2057 urbe
947 1998 1143 2057 &monam-

140 2127 232 2175 rum,
258 2125 333 2186 quos
356 2112 475 2186 partem
497 2104 699 2162 Macedoniae
724 2106 882 2167 incoluisse
906 2106 1145 2169 demonstratura
1191 2128 1195 2141 ·

138 2223 202 2291 est,
236 2222 338 2275 tamen
362 2215 445 2274 idem
466 2213 653 2283 fflrorlolas,
678 2215 729 2295 qui
753 2217 904 2275 cressonis
928 2217 1013 2275 urbis
1038 2218 1146 2277 incolis

139 2346 231 2407 genus
256 2325 432 2403 Pelasgam
456 2322 609 2399 attribuit,
638 2342 691 2385 eos
716 2344 756 2386 ex
777 2324 940 2387 Thessalia
959 2328 1146 2405 immigrasse

142 2442 246 2496 auctor
265 2443 320 2498 est.

219 2543 339 2618 Restat,
361 2551 397 2604 ut
421 2546 460 2605 rie
480 2564 516 2607 ea
531 2546 736 2605 Macedoniae
759 2554 863 2631 parte,
893 2568 970 2630 quse
999 2548 1038 2609 ab
1064 2548 1148 2605 Axio

149 2653 241 2712 fluvio
259 2653 292 2711 in
310 2655 391 2711 sinus
412 2653 590 2714 Thermaiei
614 2676 667 2718 ora
692 2658 730 2718 ari
752 2656 949 2716 Thessaliam
972 2658 1147 2739 porrigitur,

148 2762 356 2821 disserendum
385 2782 448 2824 esse
472 2766 620 2829 rideatur.
664 2767 764 2847 Quem
794 2776 925 2829 mactum
956 2788 1048 2847 quarm
1073 2768 1147 2826 sirius

147 2872 331 2932 continuisse
356 2878 466 2948 terras,
491 2877 672 2936 Bottiaeam
687 2877 737 2955 θ’)
756 2884 789 2939 et
806 2878 946 2936 Pieriam
959 2878 1023 2953 ²⁶),
1045 2896 1148 2935 omnes

144 2982 210 3042 fere
223 2988 341 3042 veteres
360 2985 521 3064 scriptores
535 3006 682 3048 consensu
696 2989 834 3060 doceant,
854 2987 1035 3048 dissentiunt
1047 2994 1150 3045 tamen

141 3093 174 3151 in
192 3091 303 3152 finibus
316 3111 419 3152 earum
430 3096 637 3171 terminandis,
656 3113 714 3157 nee
733 3098 853 3177 quinam
872 3097 904 3157 iri
918 3099 1041 3170 ineant,
1061 3096 1150 3157 serite

143 3208 190 3261 est
210 3203 248 3261 ad
268 3200 479 3265 definiendum.
517 3204 564 3265 Ex
582 3206 728 3263 Herodoti
750 3209 899 3268 sententia
918 3207 1024 3266 Asius
1043 3209 1150 3265 fluvius

145 3311 326 3368 Bottiaeam
357 3331 374 3371 a
406 3312 581 3391 Mygdonia
614 3315 740 3389 dividit,
766 3316 868 3391 Lydia
893 3324 923 3376 et
946 3316 1151 3375 Haliaeamne

147 3420 259 3494 fluviis,
288 3440 417 3501 quorum
441 3441 536 3501 aquae
560 3425 593 3483 iu
620 3444 714 3483 unum
743 3426 842 3485 alvum
870 3426 1050 3494 fundaretur,
1076 3421 1152 3483 fines

148 3529 311 3587 Bottiaeae
339 3549 374 3590 aa
398 3532 611 3589 Macedoniae
635 3535 859 3593 constituuntur
874 3536 917 3593 ”.
963 3528 1033 3605 Qua
1061 3528 1092 3583 ln
1116 3548 1151 3590 re

145 3639 244 3718 prima
269 3638 447 3714 difficultas,
474 3660 533 3700 neo
561 3660 599 3700 ea
626 3641 715 3701 facile
742 3639 941 3708 removenda,
972 3655 1009 3693 eo
1039 3634 1152 3717 oritur,

148 3750 229 3828 quod
243 3748 415 3806 Herodotus
433 3750 672 3807 Haliacmonem
690 3757 722 3809 et
741 3746 876 3822 Lydiam
905 3735 1155 3824 oepptoporrag

147 3856 179 3933 ξς
199 3849 307 3917 τωύτὸ
332 3848 478 3940 ῥέεθρον
506 3852 546 3917 τὸ
574 3845 666 3939 ὕδωρ
693 3856 783 3926 dicit,
809 3872 901 3932 quum
929 3861 962 3913 et
981 3852 1093 3915 Strabo
1121 3868 1155 3922 et

147 3966 346 4024 Ptolaaaeas
364 3966 486 4026 eosdem
510 3965 651 4039 seorsim,
676 3980 734 4022 nee
756 3985 851 4049 parvo
878 3968 1038 4032 intervallo
1061 3974 1153 4036 inter·
