2566 4672
490 261 771 335 ..24-

135 425 315 510 scriptbrom
337 427 429 488 modo
458 431 492 491 in
514 431 647 495 medium
665 428 791 512 prolatis
810 439 952 512 apparet,
971 425 1143 513 magnam,

135 540 211 637 qpin
228 537 400 596 maximam
420 539 573 615 Graeciae
586 550 714 617 partem
732 540 910 617 antiquitus
928 545 1059 603 ienaism
1071 547 1143 604 Pe-

135 646 255 725 lasgos,
273 648 398 710 minime
416 655 519 717 tamen
538 670 578 713 ex
595 650 632 713 iio
657 649 799 723 efficitur,
823 648 856 709 id
875 654 960 730 quod·
974 673 1000 714 a
1024 652 1068 714 Te
1088 675 1144 736 po·

135 758 227 819 situm
246 765 303 835 est,
321 778 439 818 omnem
457 778 505 816 eos
517 759 681 834 possedisse
699 771 830 829 terram,
849 764 1028 841 praesertim
1047 785 1143 843 quum
1198 744 1201 756 ¹

136 876 258 951 praeter
283 870 443 946 Pelasgos
466 868 558 929 etiam
588 868 641 929 olii
665 870 816 949 antiquae,
832 870 986 939 Graeciae
1011 874 1143 947 incolae,

137 985 173 1039 ut
196 979 314 1046 Aones,
342 978 520 1045 Temmices,
546 978 689 1067 Leleges,
715 979 885 1049 Caacoaes,
911 983 1047 1051 Curetes,
1078 983 1143 1058 alii,

90 1088 94 1093 ’
138 1106 156 1146 o
183 1068 335 1148 veteribus
364 1086 561 1167 scriptoribus
590 1095 873 1149 commemorentur.
915 1089 1022 1150 Nonne
1047 1092 1144 1170 igitur
1190 1140 1195 1152 ,

136 1195 231 1282 multo
249 1195 373 1276 propius
393 1196 431 1265 ad
449 1197 610 1257 veritatem
633 1198 778 1259 accedere
796 1197 975 1270 videbimur,
995 1199 1031 1271 si,
1057 1207 1143 1260 vete-

32 1385 37 1392 ·
135 1323 203 1363 rum
222 1304 403 1386 scriptorum
420 1305 601 1367 auctoritate
625 1307 778 1381 commoti,
803 1307 835 1366 in
861 1323 928 1366 eam
953 1305 1143 1364 discedamus

16 1412 21 1421 ’
136 1414 327 1490 sententiam,
346 1419 411 1475 ute
430 1414 532 1475 multis
550 1414 720 1485 nationibus
739 1415 884 1492 barberio,
904 1434 1030 1495 quarum
1053 1414 1144 1473 sedes

134 1523 268 1605 ‘antiquis
285 1524 472 1606 temporibus
492 1525 630 1589 Graecia
648 1522 741 1587 fuisse
759 1527 910 1600 tradatur²
932 1543 1023 1585 unam
1047 1523 1142 1583 fuisse

137 1640 260 1716 gentem
277 1635 481 1713 Pelasgiccm
499 1640 678 1711 statuamnse
697 1636 786 1716 bajus
809 1635 909 1704 fnisse.
926 1633 1055 1715 petriam
1074 1633 1145 1690 Ar-

138 1744 277 1813 cadiam,
305 1744 355 1807 vel
383 1746 501 1823 Argos,
530 1744 611 1824 quod
642 1751 763 1820 vesani„
792 1744 985 1811 Achaicum,
1016 1740 1076 1817 vel,
1106 1748 1142 1802 ut

138 1853 233 1913 multa
259 1853 326 1914 Tibi
352 1852 559 1927 concedamus,
583 1863 684 1911 totam
706 1853 970 1935 Peloppnnesnm3
995 1850 1066 1912 inde
1091 1871 1141 1911 co·

136 1950 233 2020 ionias
252 1963 396 2023 deductos
414 1964 447 2022 in
465 1962 538 2024 alius
559 1963 712 2023 Graeciae
737 1964 886 2043 regiones,
910 1962 1090 2043 praesertim
1108 1963 1143 2020 in

140 2067 357 2145 Thessaliam?
376 2102 415 2116 —
433 2070 496 2132 Sed
514 2091 554 2134 ne
573 2074 922 2154 mucronemquomodo
941 2072 1048 2152 quibus
1066 2071 1145 2131 boec

138 2180 287 2239 sententia
305 2181 450 2261 probatur
469 2183 621 2265 explicare
639 2183 746 2257 velint,
772 2183 824 2262 qui
847 2181 915 2243 fieri
938 2182 1082 2262 potuerit,
1106 2186 1145 2238 ut

137 2307 197 2348 una
221 2289 449 2365 Peloponnesus
467 2293 687 2374 antiquissimis
699 2364 703 2371 ,
716 2292 902 2372 temporibus
931 2291 1021 2370 hujus
1044 2291 1144 2371 gentis

138 2388 351 2475 sedes‘fuerit
375 2421 449 2462 num
472 2421 539 2477 enm
562 2420 670 2486 revere
692 2395 817 2491 propser}
843 2401 948 2462 haberi
971 2399 1077 2475 velini,
1104 2418 1145 2460 en

139 2508 264 2570 novibds
283 2494 439 2587 advectam
459 2532 525 2573 esse
544 2487 726 2594 putentslut
745 2513 928 2587 omittemus,
947 2510 1062 2570 nullam
1079 2529 1143 2569 om-

138 2620 211 2679 nino
229 2621 262 2688 in
286 2619 433 2679 Atticam
455 2622 526 2682 inde
554 2595 764 2704 profectorum
782 2624 991 2699 Pelasgorum
1016 2621 1141 2681 mentio-

138 2747 209 2788 nem
228 2737 357 2803 exstare,
377 2730 432 2791 sed
449 2732 579 2792 Atticae
597 2735 715 2806 incolas
734 2753 796 2793 non
816 2733 925 2804 minus,
951 2750 1008 2790 nec
1033 2731 1143 2789 minori

137 2821 370 2920 proscomiden,
394 2859 483 2919 quam
508 2844 709 2919 Peloponnesi
724 2835 955 2920 [αὐτόχθονας
998 2859 1030 2899 sc
1075 2859 1142 2899 esse

138 2948 328 3027 praediorum
357 2956 390 3007 ut
420 2951 519 3009 omnia
543 2952 619 3012 baec
635 2998 636 3002 ,
653 2961 688 3020 et
720 2947 980 3031 hujusmodielia
1009 2954 1143 3030 praeter·

137 3056 305 3116 mittemus:
324 3059 455 3132 Epirum
478 3065 596 3120 tantum
615 3058 868 3133 commemorabo,
893 3077 982 3137 quam
1001 3059 1144 3137 antiquis·

139 3166 221 3225 simis
246 3169 432 3248 temporibus
458 3176 490 3245 et
519 3170 656 3249 jamdiu
671 3175 753 3239 ,ante
778 3167 983 3226 Deucalionis
1007 3174 1144 3247 tempora

138 3274 291 3352 Pelasgos
314 3279 483 3358 possedisse
510 3299 615 3351 onmes
647 3278 847 3340 consentiunt.
884 3275 974 3350 Num,
999 3276 1080 3357 quod
1104 3295 1145 3337 ne

140 3383 288 3459 Dionysio
306 3388 428 3466 quidem
446 3387 608 3469 probatum
633 3407 700 3457 esse
723 3387 871 3461 videmus,
897 3385 964 3447 Tibi
987 3383 1144 3469 probabile

138 3492 268 3568 videtur,
288 3493 347 3554 buc
366 3498 610 3577 quoque,missos
624 3517 697 3569 esse
716 3517 757 3558 ex
773 3496 981 3572 Peloponneso
1000 3496 1143 3556 colonos?

138 3597 187 3676 Et,
206 3603 231 3660 si
252 3607 447 3688 concesseris,
468 3626 544 3686 quoe
563 3606 767 3683 Peloponnesi
785 3606 887 3682 fuerit,
911 3606 1037 3666 eandem
1055 3604 1143 3684 hujus

140 3716 238 3777 terrae
258 3712 350 3785 fuisse
369 3715 581 3790 conditionem,
602 3728 669 3777 e'em
687 3735 743 3795 pro
763 3715 858 3777 ultera
884 3716 969 3795 qussi
987 3715 1142 3790 Pelasgo-

140 3839 210 3878 rans
228 3825 324 3903 putria
345 3844 410 3884 esse
429 3825 610 3887 habendam:
623 3843 729 3897 ‘nonne
749 3825 815 3886 Tibi
829 3822 994 3892 verisimile
1012 3823 1141 3896 videtur,

140 3931 292 4009 Pelasgos
311 3954 361 3997 eos
380 3954 499 4014 quoque
510 3936 665 4016 regiones,
686 3954 773 4020 ¹qum
791 3937 872 4005 inter
890 3932 955 3997 bes.
976 3939 1073 3995 terras
1097 3933 1141 3993 in-
