2566 4672
494 267 773 343 ...33-

137 456 203 498 scos
227 434 340 494 incolas
366 436 549 514 Pelasgicos
574 435 782 506 consederunt,
803 440 954 514 quumque
974 451 1027 492 eos
1053 435 1139 504 cultu

114 552 117 557 '
137 542 482 624 atquchumanitatchos
489 540 784 608 anteisseverisirnilc
794 541 843 626 sit,
854 561 927 601 mox
936 543 1141 625 principatum

139 654 287 736 quendam
306 655 364 717 sibi
381 677 556 740 comparare
575 654 735 715 naverunt
774 649 864 732 Quod
885 651 1052 713 octacilius
1070 650 1140 721 ficri

138 765 248 845 potuit,
268 767 303 841 si,
325 785 401 848 quac
420 785 439 826 a
456 764 608 826 veteribus
632 761 712 835 trudi
738 761 947 841 cognovimus,
972 785 1046 826 vere
1069 784 1139 831 cve·

138 876 228 950 nisse,
254 876 280 935 si
304 875 428 936 ducibus
454 869 743 950 coeminentigisre
773 889 929 950 ponamin,
953 882 988 934 ut
1013 877 1142 952 regiam

134 994 317 1058 potestatem
336 986 528 1063 occuparent,
548 985 783 1060 occupatamque
802 981 841 1040 ad
865 988 1003 1060 posteros
1029 1003 1138 1066 propa

139 1096 252 1168 garant.
290 1089 368 1150 Nam
386 1097 421 1149 ut
439 1089 545 1170 positis
564 1086 612 1148 his
632 1095 865 1177 consentancum
885 1095 941 1165 ost,
967 1111 1140 1156 summano

137 1196 266 1281 plurima
284 1198 315 1255 in
336 1196 569 1257 administranda
590 1197 711 1258 civitate
730 1196 796 1276 jura
816 1203 907 1275 atque
928 1196 1059 1258 honores
1073 1221 1139 1260 ces·

137 1305 210 1366 sisse
230 1305 352 1386 reliquis
372 1305 493 1365 advenis
513 1325 677 1385 corumque
695 1304 835 1386 posteris,
855 1305 898 1364 ita
911 1304 1020 1363 mirum
1038 1308 1141 1368 videri

136 1414 257 1475 omnino
276 1435 337 1476 nou
356 1421 466 1498 potest,
486 1414 600 1494 priscos
620 1413 733 1474 incolas
751 1420 833 1474 totos
845 1434 877 1473 sc
897 1413 935 1473 ad
954 1414 1141 1474 advenarum

136 1524 307 1606 exemplum
326 1525 447 1592 tinxisse
466 1529 557 1604 atquo
576 1523 789 1598 conformasse,
816 1542 922 1583 corum
940 1521 1032 1603 leges,
1051 1525 1139 1583 insti,

136 1640 212 1708 tuta,
239 1655 348 1710 moros,
373 1635 505 1715 linguam
535 1633 707 1708 adscivisse,
737 1653 777 1692 nc
801 1632 906 1707 multa,
932 1634 1080 1710 evenisse,
1104 1635 1139 1694 id

125 1744 219 1824 ,quod
254 1743 403 1802 Herodoto
437 1736 721 1824 μεταβάλλεσθαι
736 1729 938 1817 ἐςἚλληνας
957 1743 1077 1818 dicitur,
1102 1749 1138 1802 ut

137 1853 272 1928 Pelasgi
296 1865 544 1917 converterentur
573 1855 608 1911 in
639 1853 795 1914 Hellenas.
839 1851 906 1913 llos
929 1852 1021 1932 igitur
1046 1852 1138 1914 modo

91 1961 95 1967 ’
138 1959 250 2023 lactum
270 1969 327 2037 est,
346 1970 380 2023 ut
398 1970 464 2024 tum
483 1963 576 2047 prisci
587 1962 717 2021 Atticae
736 1961 863 2036 incolae,
883 1967 948 2020 tum
961 1960 1139 2037 Aegiateao

131 2088 192 2146 ‚scu
222 2072 286 2149 ejus
310 2074 515 2149 Peloponnesi
539 2090 620 2146 orae,
645 2071 694 2131 cui
724 2076 830 2152 postea
856 2068 1004 2154 Aclrajae
1028 2090 1140 2130 nomen

139 2178 243 2239 datum
267 2187 323 2254 est,
348 2183 453 2240 lonico
478 2182 599 2243 nonina
625 2179 682 2240 sihi
711 2180 822 2259 posito,
847 2158 922 2239 item
945 2185 980 2238 ut
1004 2179 1139 2256 Pelasgi

138 2290 190 2368 qui
209 2291 400 2348 Laconicam
420 2297 451 2350 et
470 2281 666 2365 Argolicam,
687 2309 763 2368 quae
782 2293 888 2370 postea
912 2295 1039 2350 vocatae
1057 2294 1139 2364 sunt,

139 2399 324 2476 obtinebant,
351 2395 644 2462 assumto.Aelraico
671 2399 803 2473 nominc,
829 2399 861 2457 in
886 2397 1032 2471 Hellenas
1058 2417 1139 2463 com-

138 2517 341 2584 mutarentur,
367 2511 507 2590 idemque
533 2507 685 2569 accideret
717 2508 795 2588 parti
822 2504 1002 2564 Thessaliae
1026 2506 1139 2569 incola-

139 2640 215 2697 rum,
235 2627 269 2682 ut
285 2638 327 2682 ³cx
346 2621 494 2697 Pelasgis
511 2618 671 2690 Hellenes,
690 2615 888 2675 Aeolensinm
905 2617 1027 2676 nomine
1055 2635 1073 2677 a
1092 2637 1140 2678 re·

100 2706 104 2715 ’
140 2729 229 2808 liquis
248 2730 392 2805 distincti,
412 2729 583 2792 evaderent
621 2727 727 2807 Itaque
747 2748 838 2807 quum
857 2728 889 2785 in
908 2745 1015 2806 magua
1035 2727 1141 2784 Grae-

139 2839 206 2896 ciae-
231 2845 318 2919 parte
342 2839 525 2898 Hellenicae
551 2838 688 2897 civitates
714 2836 894 2898 constitutae
927 2841 1036 2909 essent,
1062 2854 1141 2914 quau

138 2946 271 3025 reliquae
292 2955 410 3022 essent,
434 2967 487 3008 eac
507 2966 626 3027 quoquc
658 2945 749 3005 simili
780 2945 869 3008 modo
901 2945 933 3003 iu
958 2943 1143 3003 Hellenicas

139 3063 338 3117 cornmutatae
367 3065 452 3132 suut,
483 3056 617 3116 coloniis¹
635 3055 734 3117 nrissis
764 3074 802 3114 ex
833 3054 881 3128 iis,
907 3071 983 3132 quaa
1013 3053 1076 3133 jam
1101 3074 1143 3116 ex

139 3165 376 3225 Hellenicarom
398 3186 526 3227 numero
551 3171 648 3239 erant,
678 3163 840 3245 praecipue
872 3181 911 3222 ex
936 3160 1082 3239 Aeolice's,
1108 3164 1142 3223 id

140 3274 221 3353 quod
249 3295 268 3336 a
296 3275 449 3336 veteribus
478 3273 673 3357 scriptoribus
701 3274 745 3332 ita
781 3270 979 3352 significatum
1007 3278 1065 3347 cst,
1093 3279 1140 3346 ut,

141 3404 232 3463 quum
251 3405 328 3465 quae
348 3386 485 3446 civitates
509 3386 624 3466 primae
649 3382 831 3441 Hellenicae
856 3381 954 3441 factae
982 3386 1061 3455 sunt,
1088 3401 1141 3442 eas

142 3493 177 3552 ab
198 3494 338 3552 Hellenis
354 3495 433 3566 filiis
453 3495 502 3556 vel
514 3492 692 3570 rsepotibns„
703 3511 780 3572 quac
799 3490 928 3571 posteris
941 3490 1140 3570 temporibus,

142 3603 178 3661 ab
199 3603 289 3661 Aeoli
303 3606 431 3678 posteris
451 3605 585 3664 conditas
606 3624 672 3663 csse
690 3603 811 3665 tradant
834 3603 890 3678 ¹⁶).

146 3753 148 3756 -
183 3690 186 3696 ¹
215 3719 242 3773 3.
269 3712 322 3774 Sic
347 3689 438 3792 quum
463 3713 500 3773 oc
532 3712 668 3774 comibus
695 3712 848 3770 Graeciae
873 3708 1054 3786 civitatibus,
1080 3731 1141 3789 quo

132 3806 231 3880 'modo
257 3806 439 3881 Hellenicae
465 3824 561 3884 iactae
580 3823 664 3899 sint,
696 3819 894 3884 demonstrari
918 3818 1023 3899 possit,
1050 3819 1140 3881 retin-

141 3930 243 4008 quitur
279 3950 340 3992 una
375 3931 532 4002 Areadnr,
563 3952 653 4013 quam
683 3952 781 4012 neque
816 3947 945 4008 unquam
978 3926 1014 3987 ab
1034 3907 1142 3987 Helle-
