<?xml version="1.0" encoding="UTF-8"?>
<!DOCTYPE html PUBLIC "-//W3C//DTD XHTML 1.0 Transitional//EN"
    "http://www.w3.org/TR/xhtml1/DTD/xhtml1-transitional.dtd">
<html xmlns="http://www.w3.org/1999/xhtml" xml:lang="en" lang="en">
 <head>
  <title>
</title>
<meta http-equiv="Content-Type" content="text/html;charset=utf-8" />
  <meta name='ocr-system' content='tesseract 3.04.00' />
  <meta name='ocr-capabilities' content='ocr_page ocr_carea ocr_par ocr_line ocrx_word'/>
</head>
<body>
  <div class='ocr_page' id='page_1' title='image "./deantiquisitali00curtgoog_0063.png"; bbox 0 0 2566 4672; ppageno 0'>
   <div class='ocr_carea' id='block_1_1' title="bbox 527 279 806 354">
    <p class='ocr_par' dir='ltr' id='par_1_1' title="bbox 527 279 806 354">
     <span class='ocr_line' id='line_1_1' title="bbox 527 279 806 354; baseline 0.025 -28"><span class='ocrx_word' id='word_1_1' title='bbox 527 279 694 354; x_wconf 61' lang='grc' dir='ltr'>...ᾼῇ</span> <span class='ocrx_word' id='word_1_2' title='bbox 764 315 806 333; x_wconf 85' lang='grc'>.-</span> 
     </span>
    </p>
   </div>
   <div class='ocr_carea' id='block_1_2' title="bbox 151 447 1193 1950">
    <p class='ocr_par' dir='ltr' id='par_1_2' title="bbox 163 447 1171 642">
     <span class='ocr_line' id='line_1_2' title="bbox 165 447 1171 530; baseline 0.003 -22"><span class='ocrx_word' id='word_1_3' title='bbox 165 448 263 528; x_wconf 80' lang='lat' dir='ltr'>jecio,</span> <span class='ocrx_word' id='word_1_4' title='bbox 285 448 318 508; x_wconf 82' lang='lat' dir='ltr'>iu</span> <span class='ocrx_word' id='word_1_5' title='bbox 340 448 441 509; x_wconf 80' lang='lat' dir='ltr'>cirum</span> <span class='ocrx_word' id='word_1_6' title='bbox 467 447 686 509; x_wconf 79' lang='lat' dir='ltr'>Thermaicam</span> <span class='ocrx_word' id='word_1_7' title='bbox 711 449 821 509; x_wconf 81' lang='lat' dir='ltr'>eilrrudi</span> <span class='ocrx_word' id='word_1_8' title='bbox 847 451 970 515; x_wconf 83' lang='lat' dir='ltr'>tradant</span> <span class='ocrx_word' id='word_1_9' title='bbox 987 455 1046 530; x_wconf 81' lang='lat'><strong>⁸⁸).</strong></span> <span class='ocrx_word' id='word_1_10' title='bbox 1093 455 1171 518; x_wconf 75' lang='lat' dir='ltr'>&#39;rum</span> 
     </span>
     <span class='ocr_line' id='line_1_3' title="bbox 163 557 1169 642; baseline 0.012 -26"><span class='ocrx_word' id='word_1_11' title='bbox 163 557 333 638; x_wconf 87' lang='lat' dir='ltr'>quaeritur,</span> <span class='ocrx_word' id='word_1_12' title='bbox 362 577 511 640; x_wconf 85' lang='lat' dir='ltr'>quaenam</span> <span class='ocrx_word' id='word_1_13' title='bbox 534 561 575 621; x_wconf 87' lang='lat' dir='ltr'>sit</span> <span class='ocrx_word' id='word_1_14' title='bbox 599 561 667 632; x_wconf 89' lang='lat' dir='ltr'>illa,</span> <span class='ocrx_word' id='word_1_15' title='bbox 697 576 786 637; x_wconf 86' lang='lat' dir='ltr'>quam</span> <span class='ocrx_word' id='word_1_16' title='bbox 810 558 980 619; x_wconf 74' lang='lat' dir='ltr'>Heaodoms</span> <span class='ocrx_word' id='word_1_17' title='bbox 1002 572 1169 642; x_wconf 77' lang='lat' dir='ltr'>memoret,</span> 
     </span>
    </p>

    <p class='ocr_par' dir='ltr' id='par_1_3' title="bbox 151 650 1193 1950">
     <span class='ocr_line' id='line_1_4' title="bbox 164 650 1193 752; baseline 0.008 -23"><span class='ocrx_word' id='word_1_18' title='bbox 164 661 358 741; x_wconf 73' lang='grc' dir='ltr'><strong><em>Μακεδονὶς</em></strong></span> <span class='ocrx_word' id='word_1_19' title='bbox 383 671 477 752; x_wconf 75' lang='lat' dir='ltr'>regio.</span> <span class='ocrx_word' id='word_1_20' title='bbox 516 669 608 748; x_wconf 78' lang='lat' dir='ltr'>Quod</span> <span class='ocrx_word' id='word_1_21' title='bbox 631 667 671 731; x_wconf 78' lang='lat' dir='ltr'>ad</span> <span class='ocrx_word' id='word_1_22' title='bbox 694 665 774 726; x_wconf 85' lang='lat' dir='ltr'>hanc</span> <span class='ocrx_word' id='word_1_23' title='bbox 796 669 924 743; x_wconf 75' lang='lat' dir='ltr'>attinet,</span> <span class='ocrx_word' id='word_1_24' title='bbox 949 692 1054 740; x_wconf 82' lang='lat' dir='ltr'>omues</span> <span class='ocrx_word' id='word_1_25' title='bbox 1078 650 1193 736; x_wconf 73' lang='lat' dir='ltr'>focile¹</span> 
     </span>
     <span class='ocr_line' id='line_1_5' title="bbox 161 772 1166 859; baseline 0.002 -19"><span class='ocrx_word' id='word_1_26' title='bbox 161 778 237 840; x_wconf 85' lang='lat' dir='ltr'>milri</span> <span class='ocrx_word' id='word_1_27' title='bbox 256 798 456 842; x_wconf 77' lang='lat' dir='ltr'>concessuroe</span> <span class='ocrx_word' id='word_1_28' title='bbox 471 796 537 839; x_wconf 81' lang='lat' dir='ltr'>esse</span> <span class='ocrx_word' id='word_1_29' title='bbox 554 794 659 856; x_wconf 80' lang='lat' dir='ltr'>opero,</span> <span class='ocrx_word' id='word_1_30' title='bbox 685 772 735 832; x_wconf 84' lang='lat' dir='ltr'>rel</span> <span class='ocrx_word' id='word_1_31' title='bbox 755 776 887 836; x_wconf 86' lang='lat' dir='ltr'>maxime</span> <span class='ocrx_word' id='word_1_32' title='bbox 906 779 1061 859; x_wconf 80' lang='lat' dir='ltr'>probabile</span> <span class='ocrx_word' id='word_1_33' title='bbox 1082 800 1166 856; x_wconf 67' lang='lat' dir='ltr'>esu,</span> 
     </span>
     <span class='ocr_line' id='line_1_6' title="bbox 161 881 1166 971; baseline 0.002 -23"><span class='ocrx_word' id='word_1_34' title='bbox 161 891 192 951; x_wconf 87' lang='lat' dir='ltr'>ei</span> <span class='ocrx_word' id='word_1_35' title='bbox 215 891 349 971; x_wconf 69' lang='lat' dir='ltr'>regioni,</span> <span class='ocrx_word' id='word_1_36' title='bbox 379 891 413 949; x_wconf 82' lang='lat' dir='ltr'>in</span> <span class='ocrx_word' id='word_1_37' title='bbox 436 906 495 966; x_wconf 79' lang='lat' dir='ltr'>que</span> <span class='ocrx_word' id='word_1_38' title='bbox 519 885 614 964; x_wconf 88' lang='lat' dir='ltr'>prima</span> <span class='ocrx_word' id='word_1_39' title='bbox 640 881 726 962; x_wconf 78' lang='lat' dir='ltr'>regui</span> <span class='ocrx_word' id='word_1_40' title='bbox 750 884 947 943; x_wconf 79' lang='lat' dir='ltr'><em>Macedonici</em></span> <span class='ocrx_word' id='word_1_41' title='bbox 971 890 1166 950; x_wconf 84' lang='lat' dir='ltr'>fundamenta</span> 
     </span>
     <span class='ocr_line' id='line_1_7' title="bbox 160 989 1166 1080; baseline 0 -21"><span class='ocrx_word' id='word_1_42' title='bbox 160 1000 260 1080; x_wconf 77' lang='lat' dir='ltr'>posita</span> <span class='ocrx_word' id='word_1_43' title='bbox 288 999 365 1071; x_wconf 85' lang='lat' dir='ltr'>sint,</span> <span class='ocrx_word' id='word_1_44' title='bbox 390 995 449 1056; x_wconf 87' lang='lat' dir='ltr'>hoc</span> <span class='ocrx_word' id='word_1_45' title='bbox 467 1012 577 1053; x_wconf 84' lang='lat' dir='ltr'>nomeu</span> <span class='ocrx_word' id='word_1_46' title='bbox 595 991 632 1050; x_wconf 90' lang='lat' dir='ltr'>ab</span> <span class='ocrx_word' id='word_1_47' title='bbox 651 989 800 1058; x_wconf 78' lang='lat' dir='ltr'><em>Herodoto</em></span> <span class='ocrx_word' id='word_1_48' title='bbox 817 995 946 1055; x_wconf 82' lang='lat' dir='ltr'>inditum</span> <span class='ocrx_word' id='word_1_49' title='bbox 966 1018 1041 1059; x_wconf 86' lang='lat' dir='ltr'>esse.</span> <span class='ocrx_word' id='word_1_50' title='bbox 1077 999 1166 1059; x_wconf 86' lang='lat' dir='ltr'>Hanc</span> 
     </span>
     <span class='ocr_line' id='line_1_8' title="bbox 160 1099 1164 1188; baseline 0.004 -25"><span class='ocrx_word' id='word_1_51' title='bbox 160 1112 261 1168; x_wconf 71' lang='lat' dir='ltr'>antem</span> <span class='ocrx_word' id='word_1_52' title='bbox 278 1102 464 1163; x_wconf 78' lang='lat' dir='ltr'><em>Emathiam</em></span> <span class='ocrx_word' id='word_1_53' title='bbox 486 1101 579 1162; x_wconf 77' lang='lat' dir='ltr'>fuisse</span> <span class='ocrx_word' id='word_1_54' title='bbox 603 1099 682 1159; x_wconf 84' lang='lat' dir='ltr'>infra</span> <span class='ocrx_word' id='word_1_55' title='bbox 706 1100 864 1162; x_wconf 81' lang='lat' dir='ltr'>docebitur</span> <span class='ocrx_word' id='word_1_56' title='bbox 880 1103 938 1178; x_wconf 81' lang='lat'><strong>⁸⁹).</strong></span> <span class='ocrx_word' id='word_1_57' title='bbox 977 1106 1069 1184; x_wconf 88' lang='lat' dir='ltr'>Cujus</span> <span class='ocrx_word' id='word_1_58' title='bbox 1092 1127 1164 1188; x_wconf 90' lang='lat' dir='ltr'>par·</span> 
     </span>
     <span class='ocr_line' id='line_1_9' title="bbox 158 1208 1165 1287; baseline -0.001 -13"><span class='ocrx_word' id='word_1_59' title='bbox 158 1223 221 1275; x_wconf 79' lang='lat' dir='ltr'>iem</span> <span class='ocrx_word' id='word_1_60' title='bbox 238 1213 264 1272; x_wconf 87' lang='lat' dir='ltr'>ei</span> <span class='ocrx_word' id='word_1_61' title='bbox 283 1217 407 1283; x_wconf 69' lang='lat' dir='ltr'>minas,</span> <span class='ocrx_word' id='word_1_62' title='bbox 426 1209 460 1269; x_wconf 86' lang='lat' dir='ltr'>iu</span> <span class='ocrx_word' id='word_1_63' title='bbox 477 1209 574 1269; x_wconf 89' lang='lat' dir='ltr'>altera</span> <span class='ocrx_word' id='word_1_64' title='bbox 586 1208 814 1287; x_wconf 73' lang='lat' dir='ltr'>conjunctorum</span> <span class='ocrx_word' id='word_1_65' title='bbox 831 1211 952 1286; x_wconf 72' lang='lat' dir='ltr'>Lydiae</span> <span class='ocrx_word' id='word_1_66' title='bbox 971 1220 1004 1273; x_wconf 86' lang='lat' dir='ltr'>et</span> <span class='ocrx_word' id='word_1_67' title='bbox 1021 1215 1165 1273; x_wconf 84' lang='lat' dir='ltr'>Haliac-</span> 
     </span>
     <span class='ocr_line' id='line_1_10' title="bbox 155 1317 1162 1399; baseline 0.001 -18"><span class='ocrx_word' id='word_1_68' title='bbox 155 1321 253 1381; x_wconf 82' lang='lat' dir='ltr'>monie</span> <span class='ocrx_word' id='word_1_69' title='bbox 276 1319 342 1399; x_wconf 90' lang='lat' dir='ltr'>ripa</span> <span class='ocrx_word' id='word_1_70' title='bbox 361 1317 401 1378; x_wconf 83' lang='lat' dir='ltr'>ad</span> <span class='ocrx_word' id='word_1_71' title='bbox 418 1336 503 1379; x_wconf 87' lang='lat' dir='ltr'>mare</span> <span class='ocrx_word' id='word_1_72' title='bbox 520 1339 615 1398; x_wconf 85' lang='lat' dir='ltr'>usquo</span> <span class='ocrx_word' id='word_1_73' title='bbox 626 1325 809 1399; x_wconf 78' lang='lat' dir='ltr'>porrectam,</span> <span class='ocrx_word' id='word_1_74' title='bbox 827 1321 908 1380; x_wconf 89' lang='lat' dir='ltr'>inter</span> <span class='ocrx_word' id='word_1_75' title='bbox 925 1320 1107 1379; x_wconf 72' lang='lat' dir='ltr'><em>Bottiaeam</em></span> <span class='ocrx_word' id='word_1_76' title='bbox 1127 1331 1162 1382; x_wconf 83' lang='lat' dir='ltr'>ct</span> 
     </span>
     <span class='ocr_line' id='line_1_11' title="bbox 155 1427 1160 1510; baseline -0.003 -22"><span class='ocrx_word' id='word_1_77' title='bbox 155 1430 297 1488; x_wconf 80' lang='lat' dir='ltr'><em>Pieriam</em></span> <span class='ocrx_word' id='word_1_78' title='bbox 315 1427 505 1510; x_wconf 82' lang='lat' dir='ltr'>interjectam</span> <span class='ocrx_word' id='word_1_79' title='bbox 523 1427 630 1503; x_wconf 81' lang='lat' dir='ltr'>fuisse,</span> <span class='ocrx_word' id='word_1_80' title='bbox 650 1434 683 1489; x_wconf 84' lang='lat' dir='ltr'>et</span> <span class='ocrx_word' id='word_1_81' title='bbox 700 1428 779 1490; x_wconf 88' lang='lat' dir='ltr'>hauc</span> <span class='ocrx_word' id='word_1_82' title='bbox 798 1449 879 1505; x_wconf 83' lang='lat' dir='ltr'>esse,</span> <span class='ocrx_word' id='word_1_83' title='bbox 904 1450 982 1510; x_wconf 88' lang='lat' dir='ltr'>quae</span> <span class='ocrx_word' id='word_1_84' title='bbox 1002 1431 1038 1490; x_wconf 92' lang='lat' dir='ltr'>ab</span> <span class='ocrx_word' id='word_1_85' title='bbox 1057 1430 1160 1487; x_wconf 86' lang='lat' dir='ltr'>Hero-</span> 
     </span>
     <span class='ocr_line' id='line_1_12' title="bbox 154 1532 1158 1620; baseline 0.001 -20"><span class='ocrx_word' id='word_1_86' title='bbox 154 1540 222 1600; x_wconf 87' lang='lat' dir='ltr'>doto</span> <span class='ocrx_word' id='word_1_87' title='bbox 246 1532 441 1613; x_wconf 69' lang='lat' dir='ltr'>Mauctootg</span> <span class='ocrx_word' id='word_1_88' title='bbox 464 1537 646 1620; x_wconf 75' lang='lat' dir='ltr'>appelletur,</span> <span class='ocrx_word' id='word_1_89' title='bbox 675 1541 776 1600; x_wconf 90' lang='lat' dir='ltr'>omnia</span> <span class='ocrx_word' id='word_1_90' title='bbox 800 1541 860 1620; x_wconf 90' lang='lat' dir='ltr'>jam</span> <span class='ocrx_word' id='word_1_91' title='bbox 884 1540 916 1599; x_wconf 87' lang='lat' dir='ltr'>in</span> <span class='ocrx_word' id='word_1_92' title='bbox 946 1546 1052 1620; x_wconf 84' lang='lat' dir='ltr'>aperto</span> <span class='ocrx_word' id='word_1_93' title='bbox 1078 1547 1158 1602; x_wconf 87' lang='lat' dir='ltr'>suat.</span> 
     </span>
     <span class='ocr_line' id='line_1_13' title="bbox 154 1645 1158 1732; baseline -0.009 -19"><span class='ocrx_word' id='word_1_94' title='bbox 154 1647 273 1728; x_wconf 79' lang='lat' dir='ltr'>Quodsi</span> <span class='ocrx_word' id='word_1_95' title='bbox 290 1670 382 1732; x_wconf 91' lang='lat' dir='ltr'>porro</span> <span class='ocrx_word' id='word_1_96' title='bbox 401 1669 516 1724; x_wconf 79' lang='lat' dir='ltr'>sumac,</span> <span class='ocrx_word' id='word_1_97' title='bbox 534 1649 711 1707; x_wconf 79' lang='lat' dir='ltr'><em>Paeoniam</em></span> <span class='ocrx_word' id='word_1_98' title='bbox 728 1650 834 1723; x_wconf 83' lang='lat' dir='ltr'>istam,</span> <span class='ocrx_word' id='word_1_99' title='bbox 854 1666 944 1728; x_wconf 87' lang='lat' dir='ltr'>quam</span> <span class='ocrx_word' id='word_1_100' title='bbox 965 1645 1158 1724; x_wconf 69' lang='lat' dir='ltr'><em>Thucydideo</em></span> 
     </span>
     <span class='ocr_line' id='line_1_14' title="bbox 151 1757 1158 1839; baseline -0.005 -17"><span class='ocrx_word' id='word_1_101' title='bbox 151 1759 266 1839; x_wconf 81' lang='lat' dir='ltr'>primos</span> <span class='ocrx_word' id='word_1_102' title='bbox 277 1759 484 1819; x_wconf 77' lang='lat' dir='ltr'>Macedoniam</span> <span class='ocrx_word' id='word_1_103' title='bbox 495 1778 582 1839; x_wconf 79' lang='lat' dir='ltr'>reges</span> <span class='ocrx_word' id='word_1_104' title='bbox 595 1758 652 1819; x_wconf 86' lang='lat' dir='ltr'>sibi</span> <span class='ocrx_word' id='word_1_105' title='bbox 664 1758 825 1838; x_wconf 88' lang='lat' dir='ltr'>subjecisse</span> <span class='ocrx_word' id='word_1_106' title='bbox 843 1763 956 1833; x_wconf 73' lang='lat' dir='ltr'>narrat,</span> <span class='ocrx_word' id='word_1_107' title='bbox 975 1777 1032 1837; x_wconf 89' lang='lat' dir='ltr'>pro</span> <span class='ocrx_word' id='word_1_108' title='bbox 1051 1757 1158 1818; x_wconf 88' lang='lat' dir='ltr'>eadem</span> 
     </span>
     <span class='ocr_line' id='line_1_15' title="bbox 152 1865 1156 1950; baseline -0.001 -25"><span class='ocrx_word' id='word_1_109' title='bbox 152 1866 305 1925; x_wconf 60' lang='lat' dir='ltr'>Mathia</span> <span class='ocrx_word' id='word_1_110' title='bbox 330 1888 397 1931; x_wconf 79' lang='lat' dir='ltr'>esec</span> <span class='ocrx_word' id='word_1_111' title='bbox 420 1867 605 1944; x_wconf 85' lang='lat' dir='ltr'>habendam,</span> <span class='ocrx_word' id='word_1_112' title='bbox 635 1869 749 1950; x_wconf 89' lang='lat' dir='ltr'>optime</span> <span class='ocrx_word' id='word_1_113' title='bbox 774 1867 826 1927; x_wconf 89' lang='lat' dir='ltr'>illo</span> <span class='ocrx_word' id='word_1_114' title='bbox 850 1867 918 1927; x_wconf 90' lang='lat' dir='ltr'>loco</span> <span class='ocrx_word' id='word_1_115' title='bbox 941 1865 1156 1943; x_wconf 73' lang='lat' dir='ltr'><em>Thucydideo,</em></span> 
     </span>
    </p>
   </div>
   <div class='ocr_carea' id='block_1_3' title="bbox 59 1969 1153 2057">
    <p class='ocr_par' dir='ltr' id='par_1_4' title="bbox 59 1969 1153 2057">
     <span class='ocr_line' id='line_1_16' title="bbox 59 1969 1153 2057; baseline 0.001 -22"><span class='ocrx_word' id='word_1_116' title='bbox 59 1969 61 1972; x_wconf 69' lang='grc'><strong>’</strong></span> <span class='ocrx_word' id='word_1_117' title='bbox 151 1995 220 2055; x_wconf 69' lang='lat' dir='ltr'>quo.</span> <span class='ocrx_word' id='word_1_118' title='bbox 231 1977 323 2041; x_wconf 74' lang='lat' dir='ltr'>otiam</span> <span class='ocrx_word' id='word_1_119' title='bbox 340 1977 400 2038; x_wconf 79' lang='lat' dir='ltr'>ista</span> <span class='ocrx_word' id='word_1_120' title='bbox 419 1979 563 2036; x_wconf 81' lang='lat' dir='ltr'>Paeonia</span> <span class='ocrx_word' id='word_1_121' title='bbox 583 1980 836 2056; x_wconf 72' lang='lat' dir='ltr'>admiransque</span> <span class='ocrx_word' id='word_1_122' title='bbox 854 1977 1036 2057; x_wconf 77' lang='lat' dir='ltr'>pertinuisse</span> <span class='ocrx_word' id='word_1_123' title='bbox 1054 1977 1153 2037; x_wconf 85' lang='lat' dir='ltr'>trada-</span> 
     </span>
    </p>
   </div>
   <div class='ocr_carea' id='block_1_4' title="bbox 120 2085 1153 4038">
    <p class='ocr_par' dir='ltr' id='par_1_5' title="bbox 120 2085 1153 2718">
     <span class='ocr_line' id='line_1_17' title="bbox 150 2085 1152 2159; baseline 0.005 -12"><span class='ocrx_word' id='word_1_124' title='bbox 150 2092 217 2159; x_wconf 83' lang='lat' dir='ltr'>tur,</span> <span class='ocrx_word' id='word_1_125' title='bbox 237 2091 270 2147; x_wconf 86' lang='lat' dir='ltr'>et</span> <span class='ocrx_word' id='word_1_126' title='bbox 286 2085 455 2148; x_wconf 72' lang='lat' dir='ltr'>illustrata</span> <span class='ocrx_word' id='word_1_127' title='bbox 473 2087 525 2148; x_wconf 82' lang='lat' dir='ltr'>hie</span> <span class='ocrx_word' id='word_1_128' title='bbox 542 2099 646 2153; x_wconf 84' lang='lat' dir='ltr'>noster</span> <span class='ocrx_word' id='word_1_129' title='bbox 664 2092 765 2158; x_wconf 81' lang='lat' dir='ltr'>locus,</span> <span class='ocrx_word' id='word_1_130' title='bbox 786 2091 818 2145; x_wconf 82' lang='lat' dir='ltr'>et</span> <span class='ocrx_word' id='word_1_131' title='bbox 829 2105 934 2147; x_wconf 84' lang='lat' dir='ltr'>veram</span> <span class='ocrx_word' id='word_1_132' title='bbox 952 2106 1018 2147; x_wconf 83' lang='lat' dir='ltr'>esso</span> <span class='ocrx_word' id='word_1_133' title='bbox 1033 2092 1152 2147; x_wconf 80' lang='lat' dir='ltr'>senten-</span> 
     </span>
     <span class='ocr_line' id='line_1_18' title="bbox 149 2195 1153 2282; baseline 0 -25"><span class='ocrx_word' id='word_1_134' title='bbox 149 2196 224 2257; x_wconf 74' lang='lat' dir='ltr'>tiam</span> <span class='ocrx_word' id='word_1_135' title='bbox 248 2212 267 2256; x_wconf 73' lang='lat' dir='ltr'>a</span> <span class='ocrx_word' id='word_1_136' title='bbox 289 2195 376 2282; x_wconf 61' lang='lat' dir='ltr'>nobb</span> <span class='ocrx_word' id='word_1_137' title='bbox 399 2198 602 2278; x_wconf 77' lang='lat' dir='ltr'>propositam,</span> <span class='ocrx_word' id='word_1_138' title='bbox 631 2195 851 2275; x_wconf 89' lang='lat' dir='ltr'>comprobatur.</span> <span class='ocrx_word' id='word_1_139' title='bbox 888 2195 954 2257; x_wconf 91' lang='lat' dir='ltr'>Nec</span> <span class='ocrx_word' id='word_1_140' title='bbox 977 2197 1153 2257; x_wconf 80' lang='lat' dir='ltr'>adversator</span> 
     </span>
     <span class='ocr_line' id='line_1_19' title="bbox 148 2304 1151 2388; baseline 0.006 -26"><span class='ocrx_word' id='word_1_141' title='bbox 148 2304 374 2377; x_wconf 67' lang='lat' dir='ltr'>Ptolemaeus,</span> <span class='ocrx_word' id='word_1_142' title='bbox 393 2309 465 2388; x_wconf 89' lang='lat' dir='ltr'>qui,</span> <span class='ocrx_word' id='word_1_143' title='bbox 485 2306 634 2367; x_wconf 77' lang='lat' dir='ltr'>‚Ludiam</span> <span class='ocrx_word' id='word_1_144' title='bbox 654 2306 780 2365; x_wconf 80' lang='lat' dir='ltr'>fluvium</span> <span class='ocrx_word' id='word_1_145' title='bbox 806 2306 934 2363; x_wconf 86' lang='lat' dir='ltr'>Pieriae</span> <span class='ocrx_word' id='word_1_146' title='bbox 968 2306 1151 2381; x_wconf 78' lang='lat' dir='ltr'>attribuens,</span> 
     </span>
     <span class='ocr_line' id='line_1_20' title="bbox 120 2413 1150 2498; baseline 0.002 -26"><span class='ocrx_word' id='word_1_147' title='bbox 120 2413 328 2473; x_wconf 83' lang='lat' dir='ltr'>&#39;Bottiaeam</span> <span class='ocrx_word' id='word_1_148' title='bbox 346 2419 467 2479; x_wconf 88' lang='lat' dir='ltr'>omnino</span> <span class='ocrx_word' id='word_1_149' title='bbox 487 2419 620 2498; x_wconf 82' lang='lat' dir='ltr'>ignorat,</span> <span class='ocrx_word' id='word_1_150' title='bbox 641 2416 734 2487; x_wconf 87' lang='lat' dir='ltr'>omui,</span> <span class='ocrx_word' id='word_1_151' title='bbox 753 2433 830 2494; x_wconf 90' lang='lat' dir='ltr'>quae</span> <span class='ocrx_word' id='word_1_152' title='bbox 849 2421 917 2495; x_wconf 84' lang='lat' dir='ltr'>post</span> <span class='ocrx_word' id='word_1_153' title='bbox 931 2417 1074 2473; x_wconf 80' lang='lat' dir='ltr'>Pieriam</span> <span class='ocrx_word' id='word_1_154' title='bbox 1092 2422 1150 2490; x_wconf 83' lang='lat' dir='ltr'>est,</span> 
     </span>
     <span class='ocr_line' id='line_1_21' title="bbox 146 2524 1150 2609; baseline 0 -27"><span class='ocrx_word' id='word_1_155' title='bbox 146 2542 201 2585; x_wconf 84' lang='lat' dir='ltr'>ora</span> <span class='ocrx_word' id='word_1_156' title='bbox 227 2525 397 2586; x_wconf 74' lang='lat' dir='ltr'>Emathiae</span> <span class='ocrx_word' id='word_1_157' title='bbox 427 2528 552 2609; x_wconf 83' lang='lat' dir='ltr'>adjecta.</span> <span class='ocrx_word' id='word_1_158' title='bbox 597 2524 709 2583; x_wconf 80' lang='lat' dir='ltr'>Strabo</span> <span class='ocrx_word' id='word_1_159' title='bbox 740 2542 758 2584; x_wconf 86' lang='lat' dir='ltr'><em>o</em></span> <span class='ocrx_word' id='word_1_160' title='bbox 787 2525 939 2585; x_wconf 86' lang='lat' dir='ltr'>contrario</span> <span class='ocrx_word' id='word_1_161' title='bbox 968 2526 1150 2583; x_wconf 87' lang='lat' dir='ltr'>Bottiaeam</span> 
     </span>
     <span class='ocr_line' id='line_1_22' title="bbox 144 2633 844 2718; baseline -0.009 -19"><span class='ocrx_word' id='word_1_162' title='bbox 144 2633 271 2699; x_wconf 68' lang='lat' dir='ltr'>Pieriae</span> <span class='ocrx_word' id='word_1_163' title='bbox 289 2642 409 2718; x_wconf 82' lang='lat' dir='ltr'>partem</span> <span class='ocrx_word' id='word_1_164' title='bbox 427 2635 668 2698; x_wconf 84' lang='lat' dir='ltr'>iacere·vidctur</span> <span class='ocrx_word' id='word_1_165' title='bbox 683 2635 743 2712; x_wconf 86' lang='lat'><strong>⁴¹).</strong></span> <span class='ocrx_word' id='word_1_166' title='bbox 842 2654 844 2658; x_wconf 69' lang='grc'>’</span> 
     </span>
    </p>

    <p class='ocr_par' dir='ltr' id='par_1_6' title="bbox 132 2741 1149 3920">
     <span class='ocr_line' id='line_1_23' title="bbox 167 2741 1149 2826; baseline 0.006 -25"><span class='ocrx_word' id='word_1_167' title='bbox 167 2784 170 2789; x_wconf 90' lang='grc'>-</span> <span class='ocrx_word' id='word_1_168' title='bbox 218 2744 329 2803; x_wconf 84' lang='lat' dir='ltr'>Pieres</span> <span class='ocrx_word' id='word_1_169' title='bbox 355 2745 494 2804; x_wconf 79' lang='lat' dir='ltr'>Thraces</span> <span class='ocrx_word' id='word_1_170' title='bbox 518 2746 610 2807; x_wconf 88' lang='lat' dir='ltr'>fuisse</span> <span class='ocrx_word' id='word_1_171' title='bbox 635 2741 736 2807; x_wconf 85' lang='lat' dir='ltr'>notius</span> <span class='ocrx_word' id='word_1_172' title='bbox 763 2751 825 2819; x_wconf 82' lang='lat' dir='ltr'>cst,</span> <span class='ocrx_word' id='word_1_173' title='bbox 854 2764 945 2825; x_wconf 86' lang='lat' dir='ltr'>quam</span> <span class='ocrx_word' id='word_1_174' title='bbox 973 2746 1054 2826; x_wconf 81' lang='lat' dir='ltr'>quod</span> <span class='ocrx_word' id='word_1_175' title='bbox 1072 2746 1149 2808; x_wconf 88' lang='lat' dir='ltr'>locis</span> 
     </span>
     <span class='ocr_line' id='line_1_24' title="bbox 143 2854 1148 2937; baseline 0.008 -26"><span class='ocrx_word' id='word_1_176' title='bbox 143 2856 281 2917; x_wconf 79' lang='lat' dir='ltr'>velorum</span> <span class='ocrx_word' id='word_1_177' title='bbox 306 2855 488 2937; x_wconf 78' lang='lat' dir='ltr'>scriptorum</span> <span class='ocrx_word' id='word_1_178' title='bbox 512 2856 610 2917; x_wconf 85' lang='lat' dir='ltr'>allatis</span> <span class='ocrx_word' id='word_1_179' title='bbox 639 2855 830 2935; x_wconf 88' lang='lat' dir='ltr'>comprobari</span> <span class='ocrx_word' id='word_1_180' title='bbox 858 2875 982 2915; x_wconf 88' lang='lat' dir='ltr'>necesse</span> <span class='ocrx_word' id='word_1_181' title='bbox 1009 2856 1058 2916; x_wconf 78' lang='lat' dir='ltr'>sit.</span> <span class='ocrx_word' id='word_1_182' title='bbox 1096 2854 1148 2928; x_wconf 78' lang='lat' dir='ltr'>Dc</span> 
     </span>
     <span class='ocr_line' id='line_1_25' title="bbox 142 2959 1146 3047; baseline 0.009 -30"><span class='ocrx_word' id='word_1_183' title='bbox 142 2959 357 3033; x_wconf 72' lang='lat' dir='ltr'>Bottiaeorrsm</span> <span class='ocrx_word' id='word_1_184' title='bbox 374 2967 490 3047; x_wconf 78' lang='lat' dir='ltr'>origine</span> <span class='ocrx_word' id='word_1_185' title='bbox 508 2966 601 3041; x_wconf 88' lang='lat' dir='ltr'>nihil,</span> <span class='ocrx_word' id='word_1_186' title='bbox 626 2966 708 3046; x_wconf 87' lang='lat' dir='ltr'>quod</span> <span class='ocrx_word' id='word_1_187' title='bbox 731 2965 853 3044; x_wconf 85' lang='lat' dir='ltr'>quidem</span> <span class='ocrx_word' id='word_1_188' title='bbox 877 2964 939 3025; x_wconf 88' lang='lat' dir='ltr'>ulla</span> <span class='ocrx_word' id='word_1_189' title='bbox 964 2964 1086 3046; x_wconf 79' lang='lat' dir='ltr'>dignum</span> <span class='ocrx_word' id='word_1_190' title='bbox 1105 2966 1146 3026; x_wconf 87' lang='lat' dir='ltr'>sit</span> 
     </span>
     <span class='ocr_line' id='line_1_26' title="bbox 140 3065 1146 3154; baseline 0.003 -26"><span class='ocrx_word' id='word_1_191' title='bbox 140 3065 218 3146; x_wconf 83' lang='lat' dir='ltr'>fide,</span> <span class='ocrx_word' id='word_1_192' title='bbox 244 3073 389 3135; x_wconf 83' lang='lat' dir='ltr'>traditum</span> <span class='ocrx_word' id='word_1_193' title='bbox 412 3075 542 3137; x_wconf 85' lang='lat' dir='ltr'>invenio.</span> <span class='ocrx_word' id='word_1_194' title='bbox 580 3074 658 3136; x_wconf 90' lang='lat' dir='ltr'>Nam</span> <span class='ocrx_word' id='word_1_195' title='bbox 683 3093 760 3154; x_wconf 88' lang='lat' dir='ltr'>quae</span> <span class='ocrx_word' id='word_1_196' title='bbox 778 3073 994 3144; x_wconf 74' lang='lat' dir='ltr'>Plutarchus,</span> <span class='ocrx_word' id='word_1_197' title='bbox 1019 3076 1146 3133; x_wconf 78' lang='lat' dir='ltr'>Aristo-</span> 
     </span>
     <span class='ocr_line' id='line_1_27' title="bbox 138 3178 1143 3265; baseline 0.013 -31"><span class='ocrx_word' id='word_1_198' title='bbox 138 3178 230 3236; x_wconf 84' lang='lat' dir='ltr'>telem</span> <span class='ocrx_word' id='word_1_199' title='bbox 249 3189 405 3245; x_wconf 84' lang='lat' dir='ltr'>auctorem</span> <span class='ocrx_word' id='word_1_200' title='bbox 424 3192 583 3265; x_wconf 83' lang='lat' dir='ltr'>sequutus,</span> <span class='ocrx_word' id='word_1_201' title='bbox 608 3186 646 3246; x_wconf 90' lang='lat' dir='ltr'>de</span> <span class='ocrx_word' id='word_1_202' title='bbox 671 3185 780 3247; x_wconf 87' lang='lat' dir='ltr'>haere</span> <span class='ocrx_word' id='word_1_203' title='bbox 799 3185 832 3243; x_wconf 90' lang='lat' dir='ltr'>in</span> <span class='ocrx_word' id='word_1_204' title='bbox 850 3184 913 3244; x_wconf 85' lang='lat' dir='ltr'>vita</span> <span class='ocrx_word' id='word_1_205' title='bbox 935 3183 1044 3243; x_wconf 80' lang='lat' dir='ltr'>Tliesei</span> <span class='ocrx_word' id='word_1_206' title='bbox 1061 3191 1143 3247; x_wconf 88' lang='lat' dir='ltr'>retu·</span> 
     </span>
     <span class='ocr_line' id='line_1_28' title="bbox 139 3285 1142 3375; baseline 0.009 -26"><span class='ocrx_word' id='word_1_207' title='bbox 139 3285 177 3359; x_wconf 77' lang='lat' dir='ltr'>lii</span> <span class='ocrx_word' id='word_1_208' title='bbox 190 3287 256 3367; x_wconf 81' lang='lat'>⁴²),</span> <span class='ocrx_word' id='word_1_209' title='bbox 279 3292 334 3353; x_wconf 83' lang='lat' dir='ltr'>vix</span> <span class='ocrx_word' id='word_1_210' title='bbox 353 3294 492 3373; x_wconf 86' lang='lat' dir='ltr'>cuiquam</span> <span class='ocrx_word' id='word_1_211' title='bbox 510 3295 670 3375; x_wconf 81' lang='lat' dir='ltr'>probatum</span> <span class='ocrx_word' id='word_1_212' title='bbox 695 3296 734 3355; x_wconf 85' lang='lat' dir='ltr'>iri</span> <span class='ocrx_word' id='word_1_213' title='bbox 753 3293 907 3368; x_wconf 81' lang='lat' dir='ltr'>existirno,</span> <span class='ocrx_word' id='word_1_214' title='bbox 932 3294 992 3354; x_wconf 80' lang='lat' dir='ltr'>nisi</span> <span class='ocrx_word' id='word_1_215' title='bbox 1016 3301 1142 3358; x_wconf 75' lang='lat' dir='ltr'>eatenus</span> 
     </span>
     <span class='ocr_line' id='line_1_29' title="bbox 137 3397 1141 3484; baseline 0.006 -24"><span class='ocrx_word' id='word_1_216' title='bbox 137 3397 251 3479; x_wconf 82' lang='lat' dir='ltr'>aliquid</span> <span class='ocrx_word' id='word_1_217' title='bbox 268 3402 335 3462; x_wconf 77' lang='lat' dir='ltr'>veri</span> <span class='ocrx_word' id='word_1_218' title='bbox 351 3401 400 3463; x_wconf 86' lang='lat' dir='ltr'>his</span> <span class='ocrx_word' id='word_1_219' title='bbox 424 3405 523 3465; x_wconf 83' lang='lat' dir='ltr'>inesse</span> <span class='ocrx_word' id='word_1_220' title='bbox 548 3411 680 3465; x_wconf 77' lang='lat' dir='ltr'>statuere</span> <span class='ocrx_word' id='word_1_221' title='bbox 701 3405 761 3480; x_wconf 88' lang='lat' dir='ltr'>vis,</span> <span class='ocrx_word' id='word_1_222' title='bbox 785 3404 868 3484; x_wconf 82' lang='lat' dir='ltr'>quod</span> <span class='ocrx_word' id='word_1_223' title='bbox 892 3424 932 3465; x_wconf 88' lang='lat' dir='ltr'>ex</span> <span class='ocrx_word' id='word_1_224' title='bbox 952 3406 1090 3463; x_wconf 84' lang='lat' dir='ltr'>Graecia</span> <span class='ocrx_word' id='word_1_225' title='bbox 1108 3406 1141 3466; x_wconf 89' lang='lat' dir='ltr'>in</span> 
     </span>
     <span class='ocr_line' id='line_1_30' title="bbox 138 3508 1138 3595; baseline 0.011 -28"><span class='ocrx_word' id='word_1_226' title='bbox 138 3508 357 3570; x_wconf 75' lang='lat' dir='ltr'>Macedoniam</span> <span class='ocrx_word' id='word_1_227' title='bbox 368 3514 553 3594; x_wconf 79' lang='lat' dir='ltr'>immigrasse</span> <span class='ocrx_word' id='word_1_228' title='bbox 567 3513 716 3581; x_wconf 84' lang='lat' dir='ltr'>dicuutur.</span> <span class='ocrx_word' id='word_1_229' title='bbox 743 3513 875 3592; x_wconf 80' lang='lat' dir='ltr'>Quodsi</span> <span class='ocrx_word' id='word_1_230' title='bbox 893 3513 961 3574; x_wconf 85' lang='lat' dir='ltr'>Tibi</span> <span class='ocrx_word' id='word_1_231' title='bbox 979 3514 1138 3595; x_wconf 85' lang='lat' dir='ltr'>placuerit,</span> 
     </span>
     <span class='ocr_line' id='line_1_31' title="bbox 135 3617 1141 3698; baseline 0.011 -23"><span class='ocrx_word' id='word_1_232' title='bbox 135 3617 376 3698; x_wconf 77' lang='lat' dir='ltr'>cPeiasgoram</span> <span class='ocrx_word' id='word_1_233' title='bbox 385 3643 512 3691; x_wconf 74' lang='lat' dir='ltr'>numero</span> <span class='ocrx_word' id='word_1_234' title='bbox 529 3643 581 3684; x_wconf 81' lang='lat' dir='ltr'>eos</span> <span class='ocrx_word' id='word_1_235' title='bbox 599 3623 703 3698; x_wconf 77' lang='lat' dir='ltr'>irrisae,</span> <span class='ocrx_word' id='word_1_236' title='bbox 722 3624 899 3686; x_wconf 81' lang='lat' dir='ltr'>sumendum</span> <span class='ocrx_word' id='word_1_237' title='bbox 910 3623 979 3686; x_wconf 86' lang='lat' dir='ltr'>Tibi</span> <span class='ocrx_word' id='word_1_238' title='bbox 998 3624 1073 3698; x_wconf 74' lang='lat' dir='ltr'>crit3</span> <span class='ocrx_word' id='word_1_239' title='bbox 1091 3627 1141 3686; x_wconf 79' lang='lat' dir='ltr'>siu</span> 
     </span>
     <span class='ocr_line' id='line_1_32' title="bbox 135 3730 1139 3815; baseline 0.008 -31"><span class='ocrx_word' id='word_1_240' title='bbox 135 3730 319 3792; x_wconf 84' lang='lat' dir='ltr'>contrariam</span> <span class='ocrx_word' id='word_1_241' title='bbox 339 3730 411 3801; x_wconf 87' lang='lat' dir='ltr'>huic</span> <span class='ocrx_word' id='word_1_242' title='bbox 434 3733 615 3795; x_wconf 84' lang='lat' dir='ltr'>senientiam</span> <span class='ocrx_word' id='word_1_243' title='bbox 640 3733 896 3815; x_wconf 84' lang='lat' dir='ltr'>comprobaveris,</span> <span class='ocrx_word' id='word_1_244' title='bbox 919 3734 971 3798; x_wconf 87' lang='lat' dir='ltr'>vel</span> <span class='ocrx_word' id='word_1_245' title='bbox 992 3733 1139 3793; x_wconf 78' lang='lat' dir='ltr'>Thraciis</span> 
     </span>
     <span class='ocr_line' id='line_1_33' title="bbox 132 3833 1061 3920; baseline 0.005 -23"><span class='ocrx_word' id='word_1_246' title='bbox 132 3833 182 3897; x_wconf 79' lang='lat' dir='ltr'>vel</span> <span class='ocrx_word' id='word_1_247' title='bbox 194 3836 345 3898; x_wconf 81' lang='lat' dir='ltr'>Paeom&#39;io</span> <span class='ocrx_word' id='word_1_248' title='bbox 359 3842 531 3909; x_wconf 78' lang='lat' dir='ltr'>natimibus</span> <span class='ocrx_word' id='word_1_249' title='bbox 548 3844 738 3909; x_wconf 81' lang='lat' dir='ltr'>adnumerari</span> <span class='ocrx_word' id='word_1_250' title='bbox 756 3865 880 3908; x_wconf 80' lang='lat' dir='ltr'>necesse</span> <span class='ocrx_word' id='word_1_251' title='bbox 894 3847 952 3907; x_wconf 87' lang='lat' dir='ltr'>erit</span> <span class='ocrx_word' id='word_1_252' title='bbox 964 3847 996 3883; x_wconf 86' lang='lat'>⁴²</span> <span class='ocrx_word' id='word_1_253' title='bbox 1005 3845 1061 3920; x_wconf 50' lang='lat' dir='ltr'>b),</span> 
     </span>
    </p>

    <p class='ocr_par' dir='ltr' id='par_1_7' title="bbox 202 3940 1137 4038">
     <span class='ocr_line' id='line_1_34' title="bbox 202 3940 1137 4038; baseline 0.005 -28"><span class='ocrx_word' id='word_1_254' title='bbox 202 3940 264 4010; x_wconf 74' lang='lat' dir='ltr'>-Hla</span> <span class='ocrx_word' id='word_1_255' title='bbox 274 3952 432 4032; x_wconf 66' lang='lat' dir='ltr'>exposita</span> <span class='ocrx_word' id='word_1_256' title='bbox 447 3952 597 4036; x_wconf 66' lang='lat' dir='ltr'>jemquod</span> <span class='ocrx_word' id='word_1_257' title='bbox 607 3974 697 4038; x_wconf 78' lang='lat' dir='ltr'>supra</span> <span class='ocrx_word' id='word_1_258' title='bbox 711 3975 729 4016; x_wconf 84' lang='lat' dir='ltr'>a</span> <span class='ocrx_word' id='word_1_259' title='bbox 744 3955 830 4019; x_wconf 80' lang='lat' dir='ltr'>nobis</span> <span class='ocrx_word' id='word_1_260' title='bbox 841 3954 1095 4036; x_wconf 72' lang='lat' dir='ltr'>significatumcsi</span> <span class='ocrx_word' id='word_1_261' title='bbox 1104 3957 1137 4015; x_wconf 84' lang='lat' dir='ltr'>in</span> 
     </span>
    </p>
   </div>
   <div class='ocr_carea' id='block_1_5' title="bbox 0 0 1288 4672">
    <p class='ocr_par' dir='ltr' id='par_1_8' title="bbox 0 0 1288 4672">
     <span class='ocr_line' id='line_1_35' title="bbox 0 0 1288 4672; baseline 0 11"><span class='ocrx_word' id='word_1_262' title='bbox 0 0 1288 4672; x_wconf 95' lang='lat' dir='ltr'> </span> 
     </span>
    </p>
   </div>
  </div>
 </body>
</html>
