2566 4672
63 421 230 500 suntet,
263 409 296 484 si
321 406 379 486 rel
404 405 560 483 maxime
587 413 688 493 sunt,
718 385 799 479 sere¹
827 411 950 479 tamen
979 428 1055 479 non

64 539 301 626 evolvuntur,
332 532 398 610 sed
422 532 469 608 ad
493 531 642 607 decreta
668 539 707 605 et
729 527 860 631 placita
886 554 1057 607 111111111-

64 678 187 744 torum
211 663 323 750 locos,
350 659 480 761 quibus
503 657 672 732 nituntur
697 655 757 733 vel
782 656 853 733 niti
876 655 1056 747 diermtnr,

65 792 335 892 adjungerent,'
355 797 406 861 ut·
421 785 537 863 cuivis
562 780 745 885 judicandi
770 780 922 859 facrrltao
949 791 1057 872 esset,

64 943 150 997 num
174 912 352 1017 probandi
378 912 435 991 vis
462 911 508 987 iis
533 910 683 1000 inesset,
708 934 757 985 an
780 906 940 990 deesset.
966 948 1018 967 -

57 1117 59 1121 ,
161 1038 285 1142 Quum
316 1041 387 1140 jam
422 1039 461 1113 in
487 1064 531 1113 eo
559 1062 692 1125 essem,
718 1043 760 1109 ut
785 1031 977 1110 schedulas
1002 1045 1067 1135 ty-¹

58 1166 247 1269 pographo
271 1164 512 1241 'excudendas
543 1163 742 1250 mitterem,
775 1161 1059 1239 communicatus

59 1303 120 1375 est
142 1318 284 1366 mecum
309 1319 330 1365 a
354 1290 401 1370 V.
428 1290 482 1371 Ill.
509 1294 781 1376 Sclroemanno,
814 1291 915 1387 cujus
941 1285 1060 1362 erudi·

61 1416 174 1504 doni,
202 1443 294 1512 qrrae
321 1441 457 1488 summa
483 1417 592 1489 ineo
619 1422 695 1502 est,
725 1438 791 1515 par
818 1434 874 1486 est
897 1412 1061 1487 humani-

65 1551 134 1628 tas,
160 1537 305 1612 libellus
331 1545 370 1619 C.
400 1546 442 1618 Ο.
470 1543 663 1626 Modiam,
688 1535 784 1611 Prof.
802 1533 967 1635 Gotting.
995 1536 1060 1626 CL,

64 1664 143 1762 qni,
157 1663 458 1763 'conscriptusde
483 1662 770 1750 Macedonibus,
796 1661 830 1754 1)
857 1659 901 1733 ad
918 1660 955 1732 id
972 1671 1062 1734 tem·

62 1815 130 1889 pus
168 1787 337 1862 notitiam
368 1814 485 1860 meam
517 1787 670 1888 fugerat.
723 1785 776 1859 Ut
809 1812 940 1886 magno
973 1785 1062 1859 mihi

62 1912 191 2012 gaudio
226 1912 337 1987 [uisse
369 1912 561 2012 profiteor,
595 1909 740 1998 videre,
774 1908 812 1985 in
839 1910 1063 1985 constituen-

63 2036 120 2112 dis
154 2035 301 2111 sedibns
332 2035 556 2137 singulorum
587 2035 816 2136 populorum,
850 2036 913 2135 qui
937 2035 1062 2111 Mace-

62 2162 207 2235 doniam
239 2162 438 2261 antiquitus
469 2161 665 2236 incoluisse
691 2161 895 2250 traduntm·‚
926 2161 1060 2262 ubique

63 2288 153 2362 sere·
168 2314 249 2367 cum
273 2287 354 2375 viro
381 2287 591 2362 doctissimo
618 2312 675 2361 me
695 2285 901 2376 concinere,
927 2285 979 2360 ita
995 2286 1060 2361 mi·

63 2413 159 2485 nime
186 2423 327 2513 gratum
358 2411 447 2486 mihi
472 2413 558 2503 suit,
594 2436 816 2513 cognoscere
850 2396 1069 2513 opinionum*

66 2537 111 2608 da
144 2562 281 2633 genere
313 2547 352 2608 et
384 2532 525 2637 origine
558 2537 791 2636 antiquorum
822 2535 1060 2613 Macedoniae

69 2658 266 2732 incolarum
297 2658 526 2735 dissensione
565 2687 634 2735 nos
672 2659 889 2760 discrepare.
946 2663 1061 2763 quue

64 2809 108 2856 eo
135 2782 255 2857 minus
268 2794 411 2884 gratum
433 2785 524 2861 mihi
540 2785 618 2876 suit,
641 2784 739 2886 quod
757 2826 807 2841 -
824 2785 939 2863 dicam
953 2790 1060 2879 eninr,

64 2907 162 3006 quod
194 2934 254 2982 res
289 2920 347 2988 est
371 2949 422 2967 ·-
446 2910 541 2986 iiber·
565 2915 841 2986 Muelleriamn
869 2913 984 2987 semel
1009 2925 1062 2987 at·

63 3060 134 3132 qne
162 3041 294 3134 raptim
328 3034 443 3110 lectus
480 3036 518 3109 in
552 3063 631 3110 eam
663 3063 720 3108 me
753 3037 953 3112 adduxerat
983 3039 1061 3140 opi·

62 3157 224 3247 nionem‚
256 3169 298 3232 ut
336 3159 435 3235 illum
466 3188 524 3234 me
557 3162 700 3237 veriora
741 3163 843 3237 hisce
877 3165 916 3239 in
948 3167 1059 3239 rebus
1106 3230 1115 3247 ,

64 3281 200 3354 vidisse
227 3295 401 3382 putarem,
428 3287 550 3386 itaque
577 3287 655 3361 sore
681 3288 861 3379 viderem,
889 3301 937 3380 ut,
964 3291 996 3364 si
1020 3291 1062 3362 li-

65 3405 132 3477 ber
158 3406 289 3478 iterum
319 3409 434 3484 lectus
467 3425 505 3484 et
536 3411 730 3512 diligenter
763 3440 934 3515 excussas
967 3413 1062 3486 hanc

64 3532 284 3604 sententiam
320 3534 584 3629 confirmasset,
623 3538 807 3638 posterior
849 3536 1061 3636 disputatio-

60 3688 217 3703 μ*

129 3761 157 3828 *)
176 3765 207 3814 V.
242 3763 330 3819 Urber
346 3769 389 3821 die
405 3770 574 3831 Wohnsitze,
592 3771 633 3822 dic
650 3773 834 3831 Absrommung
851 3773 906 3821 und
924 3771 966 3822 die
983 3775 1059 3826 511111

60 3847 209 3900 Geschichte
227 3852 269 3901 des
287 3851 505 3905 Makedonischen
521 3855 609 3905 Volks.
642 3854 709 3904 Eine
727 3853 953 3921 odmographischc
964 3855 1048 3910 Untcr

10 3924 15 3951 ⁵
58 3932 174 3997 suchung
192 3953 243 3983 von
260 3934 294 3983 K.
314 3936 343 3984 0.
361 3934 472 3989 Molles.
507 3937 596 3987 Berlin
616 3936 731 3990 18118.
