2566 4672
147 463 384 556 Augusteum
403 456 570 542 uitiauit,
599 455 660 528 ubi
687 457 850 556 primum,
869 463 1002 531 Gallia
1029 464 1144 531 cisat--

140 598 239 690 pinu
266 590 311 664 ad
337 594 496 664 Italiam
521 586 670 689 adjecta,
699 590 790 665 fines
816 589 921 690 hujus
956 590 1000 663 ad
1026 595 1144 688 Alpes

146 752 261 824 usque
287 722 419 827 prolati
445 732 539 797 sunt.

543 931 745 946 'm

216 1108 334 1170 ltaliae
360 1115 391 1168 et
425 1106 589 1165 Oenotriae
622 1108 776 1166 nominum
801 1108 930 1186 antiquie
956 1109 1141 1189 temporibus

141 1216 266 1276 eundem
284 1217 347 1278 vim
366 1218 468 1291 fuisse,
489 1218 532 1275 ita
550 1221 585 1274 ut
604 1218 653 1274 cui
672 1222 782 1291 terrae,
802 1235 891 1296 quem
910 1237 990 1276 nunc
1009 1218 1142 1276 Italiam

141 1343 291 1400 vocamus,
312 1328 390 1406 pnrti
410 1345 428 1384 a
442 1326 572 1382 Graecia
586 1322 749 1381 Oenotriae
768 1346 878 1386 nomen
891 1326 1029 1402 inditum,
1043 1327 1141 1387 eidem

142 1436 229 1512 eique
249 1435 306 1493 eali
325 1435 443 1492 Italiae
462 1433 671 1506 attributum,
684 1454 743 1493 unn
756 1441 787 1493 et
800 1437 990 1496 consentiens
1002 1442 1141 1497 vctcrum

143 1545 323 1621 scriptorum
347 1561 408 1600 vox
432 1546 479 1600 est
500 1541 538 1616 ²).
586 1542 739 1622 lidemquo
764 1543 883 1616 docent,
907 1550 941 1603 ut
968 1543 1141 1615 Oenotriae,

141 1651 361 1732 angustioribus
380 1651 477 1730 primo
496 1648 605 1711 finibus
624 1651 877 1731 circumscriptae,
892 1652 1012 1711 termini
1032 1652 1140 1733 prolati

140 1763 210 1834 nint,
237 1761 280 1821 nic
305 1761 397 1819 etiam
421 1760 539 1818 Italiae
566 1759 710 1820 ambitum
739 1761 880 1820 crevisse.
926 1760 1035 1820 Primis
1061 1764 1140 1820 enim

138 1871 323 1952 temporibus
344 1888 410 1929 cum
429 1869 524 1929 solam
543 1870 706 1949 regionem,
727 1886 803 1949 quac
829 1869 866 1928 ab
885 1870 997 1930 isthmo
1022 1871 1140 1930 cinnum

140 1981 303 2054 Napetini,
324 1980 375 2058 qni
393 1978 474 2036 idem
493 1977 531 2037 ab
550 1977 719 2035 Aristotele
739 1980 930 2048 Lanuuino,
944 1979 1034 2060 vulgo
1053 1981 1136 2053 Hip-

135 2069 276 2162 pouaru
295 2089 403 2146 dicitur
427 2086 465 2162 ²),
487 2086 685 2161 anytnuu
703 2088 766 2147 sive
786 2089 935 2163 scynuu
952 2088 1073 2147 initium
1092 2108 1138 2147 a.

137 2198 202 2278 piat
222 2205 253 2258 et
272 2198 309 2257 nd
328 2197 441 2257 fretum
465 2196 606 2253 Siculam
624 2196 784 2275 pertineat,
812 2194 975 2253 Oenotriae
1001 2197 1138 2257 cundem-

138 2325 198 2385 qne
217 2308 335 2364 Italiae
354 2326 465 2368 nomen
483 2307 625 2378 tenuisse,
646 2305 823 2363 Antiochus
840 2312 946 2365 auctor
966 2311 1020 2366 est.
1037 2306 1069 2380 ⁴)
1089 2302 1138 2365 At
1160 2380 1163 2385 .

138 2416 245 2474 eodem
263 2416 416 2496 proditum
442 2435 506 2476 esec
531 2416 651 2488 ecimus,
676 2433 748 2474 mox
773 2416 864 2474 etiam
890 2435 958 2474 cum
985 2412 1139 2471 Chonibae
1166 2400 1175 2425 i

139 2525 202 2582 eive
221 2522 410 2590 Chaonibae,
434 2525 464 2598 ⁵)
484 2522 609 2603 populo,
630 2525 682 2602 qni
702 2529 787 2582 extra
806 2523 950 2582 isthmum
975 2522 1060 2580 illum
1079 2529 1138 2582 tcr-

140 2649 205 2689 ram
229 2650 323 2709 usquc
348 2633 386 2690 nd
409 2632 563 2711 regionem
589 2632 843 2704 Metaponticam
872 2637 903 2690 et
931 2631 1140 2704 Sireniticam‚

139 2739 171 2798 id
191 2746 238 2799 est
257 2741 295 2799 tul
315 2738 515 2797 Posidonium
533 2745 565 2798 et
582 2737 685 2795 einum
703 2739 901 2796 Paestanum
919 2738 968 2799 vcl
996 2738 1033 2797 nd
1052 2739 1138 2797 Sila-

138 2868 209 2905 ram
227 2849 351 2909 fluvium
370 2838 508 2922 coluerit,=
522 2847 602 2927 quod
618 2845 758 2905 Oenotrii
770 2847 887 2928 generis
898 2847 1021 2924 fuerint,
1037 2846 1136 2905 Oeno-

136 2969 253 3015 trorum
271 2958 322 3018 vel
339 2957 496 3017 Italarum
507 2976 618 3016 nomen
631 2956 843 3015 communicari
856 2964 996 3038 coeptum
1016 2964 1048 3017 et
1067 2956 1137 3018 hnic

136 3086 255 3146 quoquc
274 3075 386 3141 terrae,
406 3066 456 3126 cni
475 3066 513 3125 ad
533 3085 569 3126 eu
584 3073 725 3145 tempora
738 3062 839 3123 Chone
856 3065 887 3140 ⁶)
906 3086 1017 3126 nomen
1035 3067 1136 3140 fuerit,

138 3174 302 3232 Oenotriae
320 3175 372 3238 vel
397 3171 529 3243 Italiae,
553 3175 655 3254 itaque
681 3170 819 3233 omnibus
851 3172 1014 3234 Oenotriae
1040 3178 1136 3257 gentio

137 3262 280 3363 partibus,
300 3285 441 3365 omnique
466 3290 566 3345 terrae
601 3284 638 3342 ab
664 3283 711 3341 his
735 3279 887 3341 habitatae
913 3304 1069 3346 commune
1095 3287 1136 3345 tn-

139 3397 221 3450 ctum
253 3412 318 3452 eene
340 3413 451 3454 nomen
473 3392 512 3469 1).
544 3423 583 3439 -
603 3391 707 3471 Quare
728 3395 830 3450 nutem
854 3389 936 3453 idem
961 3391 1137 3452 Antiochue

138 3499 272 3558 ltaliam
290 3505 358 3559 aeui
375 3505 437 3572 eui,
455 3503 506 3566 vel
526 3521 603 3576 enm,
622 3503 705 3579 cuiun
719 3487 871 3579 οἰκισμόν
884 3506 1048 3582 scripturus
1061 3505 1136 3573 erut,

136 3605 301 3665 constituto
319 3609 448 3668 termino
469 3609 542 3688 ejus,
561 3629 632 3687 non,
652 3613 740 3674 sicuti
760 3622 858 3687 antea,
876 3614 1037 3668 Paestano
1055 3605 1139 3671 stru,

136 3714 191 3775 sed
209 3716 277 3774 Lao
295 3716 428 3791 flumine,
452 3717 481 3793 ⁸)
502 3717 568 3779 aliie
593 3721 689 3801 iisque
710 3721 928 3804 angustioribus
952 3713 1059 3773 finibus
1081 3720 1137 3773 ter-

135 3822 306 3899 minaverit,
338 3828 416 3887 rntio
445 3826 478 3885 in
506 3837 628 3905 promtu
657 3839 715 3906 est,
744 3851 843 3911 neque
868 3828 1005 3907 cuiquam
1030 3824 1137 3882 mirum

134 3933 232 3994 videri
261 3937 386 4016 poterit,
415 3929 483 4019 qui'
497 3941 693 4020 reputaverit,
718 3935 912 3998 Antiochum
941 3934 998 3993 nisi
1021 3933 1139 3992 ltaliae
