2566 4672
497 322 774 394 ...w-..-

136 499 262 565 ¹gentem
282 486 422 550 relictum
442 510 507 552 esse
527 490 655 551 sumitur
675 489 737 564 ¹¹),
758 492 941 552 contrariam
953 490 1083 573 pedibus
1098 511 1146 552 en-

139 615 206 657 mus
226 603 317 678 atque
337 607 502 661 statuamus
527 617 649 659 necesse
675 603 735 657 este
761 609 925 677 atruniqae
953 601 1089 679 quidem,
1115 614 1146 658 et

141 707 275 766 Aeolum
295 720 324 764 et
338 708 470 776 Dorum,
489 707 668 766 Thessaliae
678 705 802 781 finibus
821 728 883 766 non
897 713 1070 779 excessisse,
1083 711 1145 767 im-

134 819 259 891 per-iam
271 818 451 874 Hellenicae
466 815 573 891 gentis
592 824 697 870 autem
716 834 777 872 aon
797 816 895 875 Aeolo
913 819 1066 878 traditam
1083 802 1144 876 esse

140 937 279 1002 epatre,
298 923 352 980 sed
372 925 486 989 Doro,
505 921 690 1000 eandenupie
709 923 794 981 lianc
813 945 850 982 ex
870 927 1053 985 Phthiotide
1074 939 1144 984 tra-

139 1032 258 1090 duxisse
281 1034 315 1086 in
342 1028 600 1099 Hestiaeotidem;
625 1039 768 1112 utsupra
794 1028 1062 1097 commemoratum
1083 1043 1146 1108 est,
1176 1084 1179 1095 .

140 1141 253 1196 Aeoli
282 1149 387 1194 antem
413 1137 548 1211 candem,
575 1159 664 1219 qnam
689 1141 873 1220 reliquorum
898 1145 1040 1201 Hellenis
1066 1145 1145 1205 filio·

139 1266 217 1322 rum,
237 1244 345 1304 Xatiei
374 1253 406 1305 et
425 1243 550 1303 Achaei
571 1253 684 1306 sortem
712 1247 804 1308 fulsse
821 1248 879 1324 ¹¹).
919 1249 985 1308 Hoc
1012 1251 1148 1312 efficitur

138 1364 204 1416 tum
223 1357 326 1429 exiis,
347 1375 423 1436 qnae
443 1375 533 1436 supra
552 1355 590 1414 de
610 1357 695 1413 Doro
714 1365 948 1418 commemorata
974 1365 1053 1433 sunt,
1075 1366 1152 1420 tum

140 1486 179 1529 ex
197 1466 265 1528 loco
284 1464 443 1534 Herodoti,
463 1466 515 1545 qni
534 1471 633 1525 exstet
651 1465 685 1528 L.
703 1465 770 1529 VII.
791 1487 816 1528 c.
837 1472 873 1528 75
895 1468 955 1545 1³).

217 1576 304 1657 Quae
314 1576 338 1636 si
349 1575 518 1657 diligentins
537 1576 775 1653 considerentur,
794 1576 858 1651 fiet,
877 1582 923 1651 ui,
943 1576 1023 1656 qnod
1042 1576 1145 1655 primo

141 1687 288 1768 adspectu
305 1687 357 1746 vix
377 1684 521 1765 explicari
540 1705 628 1764 posse
646 1687 776 1762 videtur,
791 1687 880 1746 facile
899 1686 1101 1767 perspiciatur
1114 1691 1145 1745 et

141 1793 421 1877 comprehendetur,
441 1793 492 1873 qui
512 1814 584 1875 gens
603 1796 782 1864 Ihlleniea,
804 1814 893 1877 quam
912 1796 999 1854 initio
1019 1812 1144 1876 parvam

141 1913 231 1984 etque
251 1901 412 1962 invalidam
430 1902 522 1963 fuisse
541 1904 607 1983 ipse
626 1903 794 1962 Herodotus
813 1911 978 1966 auctorest
993 1903 1053 1982 ¹⁴),
1071 1923 1144 1963 mox

55 1998 60 2003 ⁸
138 2031 334 2094 peromnem
362 2013 531 2070 Graeciam
555 2014 598 2071 ite
624 2013 729 2072 diffusa
758 2021 849 2094 etque
877 2015 1071 2075 disseminata
1093 2015 1141 2088 sit,

78 2188 83 2197 ,
139 2130 175 2183 nt
193 2141 297 2183 omnes
316 2128 417 2184 terroe
436 2122 552 2182 incolae
571 2121 719 2179 Hellenos
738 2131 770 2183 et
790 2131 890 2184 essent
909 2132 940 2184 ct
952 2124 1142 2183 nominaren-

140 2240 200 2308 tur,
221 2234 259 2293 (le
278 2232 385 2314 priscis
405 2239 506 2292 antem
524 2232 576 2291 vix
595 2249 630 2291 ec
648 2251 688 2294 no
707 2233 760 2291 vix
779 2234 901 2314 quidem
923 2233 1071 2293 memoria
1095 2251 1142 2293 re·

140 2343 221 2427 lique
241 2349 335 2420 esset,
354 2343 414 2402 hoc
433 2342 513 2402 enim
531 2342 574 2402 ita
593 2342 706 2403 fectum
725 2362 791 2403 esec
810 2342 968 2425 intelliges.

146 2454 149 2459 '
222 2461 248 2516 1.
274 2455 350 2528 Ipsa
378 2471 459 2528 geas
482 2451 662 2521 Helleniea,
696 2452 812 2528 eedem,
837 2455 886 2513 cui
909 2458 1027 2533 postea,
1053 2470 1146 2531 qnnm

140 2565 250 2647 reliqui
270 2581 389 2644 quoque
410 2562 564 2619 Graeciae
583 2562 699 2623 incolae
717 2561 865 2620 Hellenos
885 2569 995 2637 essent,
1015 2582 1055 2621 ex
1064 2562 1144 2618 Dori

141 2677 272 2744 nomine,
292 2692 382 2753 quem
401 2678 517 2752 patrem
537 2671 701 2729 Heileaem
718 2671 750 2731 in
769 2691 861 2753 regno
886 2672 1042 2752 excepisse
1067 2671 1144 2732 vidi·

141 2805 219 2860 mns,
240 2779 440 2842 Dorieosibas
458 2780 571 2840 iactum
591 2788 638 2841 cst
656 2800 777 2856 nornen,
797 2788 866 2862 post
884 2781 982 2840 varias
1007 2781 1140 2861 migrati-

139 2914 223 2970 ones,
262 2908 388 2973 qnorum
425 2889 475 2949 vel
512 2890 641 2949 auditae
679 2890 768 2949 nobis
814 2897 885 2949 sunt
927 2909 1052 2965 censae,
1091 2890 1143 2951 vel

139 3006 333 3084 ignorantur,
371 2999 512 3073 tandem,
557 3000 602 3058 nti
646 3018 736 3079 snpra
780 2999 841 3076 jam
873 3007 1141 3060 commemoratum

140 3121 197 3188 est,
235 3114 267 3172 in
306 3131 341 3172 ca
382 3109 535 3166 Graeciae
572 3114 669 3188 perte,
709 3108 758 3167 cui
795 3113 868 3166 tnnc
906 3108 1058 3184 Dryopidi
1089 3128 1140 3169 no-

134 3244 210 3283 ·mcn
241 3228 316 3296 eret,
343 3219 449 3280 incolis
480 3217 530 3278 vel
554 3217 648 3297 pulsis
672 3217 722 3275 vel
748 3216 888 3292 subactis,
919 3217 1065 3279 consedit.
1099 3217 1139 3278 A·

137 3333 290 3393 bundsnte
311 3336 410 3390 autem
430 3325 617 3410 postea.hnc
643 3334 724 3385 terra
749 3326 913 3386 incolarum
937 3325 1140 3402 multitudine,

141 3443 287 3523 quaedam
305 3446 423 3499 tentum
443 3438 640 3496 Dorieasiam
659 3454 727 3515 pars
747 3438 778 3519 in
798 3436 855 3496 hnc
878 3444 960 3496 terra
985 3437 1139 3512 remansit,

140 3553 188 3613 cni
207 3551 244 3611 eb
264 3551 311 3610 his
330 3555 435 3630 postes
446 3546 557 3605 Doridi
575 3565 684 3604 nomen
703 3545 823 3605 facturn.
842 3545 917 3604 Pers
935 3546 968 3604 in
989 3546 1140 3621 Pehpoa-

137 3680 244 3720 nesam
277 3660 406 3738 trajecta
445 3657 605 3715 maximam
642 3654 728 3734 hujus
760 3661 876 3736 partem
908 3656 940 3714 in
977 3675 1061 3714 suern
1093 3676 1139 3717 re·

137 3771 218 3853 (legit
242 3775 431 3852 potestatem.
475 3764 551 3824 Nam
571 3761 720 3833 Achaeis,
741 3766 798 3844 qui
823 3766 860 3825 ad
884 3764 915 3822 id
939 3770 1058 3844 tempus
1072 3769 1140 3824 Ar.

136 3878 277 3958 golidem·
300 3896 335 3938 ec
364 3878 556 3935 Laconicam
590 3872 794 3948 obtinuerant,
824 3875 950 3934 devictis
986 3880 1078 3955 alque
1107 3877 1138 3937 in

139 3966 343 4066 Aegiaieases
361 3986 411 4049 vel
427 3987 516 4044 Iones
534 3984 688 4063 conjectis,
699 3988 703 3995 '
714 4002 790 4064 quos
809 3989 891 4043 terra
911 3983 1138 4046 exturbastis
