2566 4672
519 273 793 344 ...39-

152 438 242 498 nibus
284 460 351 502 esse
391 440 555 515 inensem,
596 460 696 520 ncqne
744 440 863 501 colonos
909 439 997 518 holos
1044 440 1149 522 populi

151 550 184 610 in
207 570 241 610 se
267 552 419 632 recepisse
443 549 588 613 trodilnm
613 554 670 624 ccl,
696 569 790 630 qonm
812 554 931 631 poslero
954 555 1091 631 tempore
1116 554 1149 609 el

149 659 233 739 ipsos
253 660 406 736 Arcades,
424 680 485 721 non
503 660 600 721 rninns
619 678 711 740 quesn
730 658 864 741 reliquos
883 659 1034 719 Graecina
1052 677 1145 741 pepu-

150 767 215 842 ios,
240 758 421 829 Hellenibus
449 770 659 831 sdnnmernios
683 787 749 831 csse
767 775 956 852 compertum
978 767 1147 831 habemus.

151 873 193 935 El
221 878 334 959 optimo
362 879 483 959 qrndem
510 880 576 959 jnre
604 877 663 939 hoc
691 877 807 940 iscium
834 898 902 940 esse
931 876 1148 941 contendimus.

150 982 227 1046 Nom
246 1006 333 1047 nemo
350 1007 410 1048 non
435 989 535 1064 ridet,
559 987 627 1049 lieri
652 987 704 1049 rix
724 989 872 1069 poluisse,
901 988 975 1069 quin
992 985 1149 1059 Arcades,

147 1114 239 1175 qnnm
263 1097 392 1178 undique
416 1098 454 1158 ob
479 1097 653 1157 Hellenieis
681 1097 800 1179 populis
831 1096 1009 1157 circumdati
1035 1102 1146 1169 eueni,

145 1208 176 1264 et
194 1206 326 1267 moribus
351 1215 383 1268 et
405 1206 510 1289 lingna
533 1209 572 1271 sd
596 1207 652 1269 hos
676 1206 870 1268 conformnlis
895 1224 1000 1267 eornm
1018 1203 1144 1279 slmiles,

144 1315 217 1393 quin
236 1321 267 1375 et
284 1317 344 1397 ipsi
361 1317 509 1375 Hellenos
527 1316 645 1379 fierent.

223 1423 340 1502 Quodsi
357 1425 444 1499 hoec,
463 1444 542 1506 qnne
560 1426 649 1485 modo
669 1444 688 1485 n
704 1423 792 1487 noble
803 1424 954 1507 dispnlsln
971 1431 1052 1500 enni,
1064 1423 1142 1485 bene

149 1530 229 1610 apud
249 1532 378 1593 animum
397 1534 603 1615 perpenderis,
621 1534 688 1595 lore
706 1550 860 1614 speramns
878 1538 968 1612 atque
986 1534 1063 1594 odeo
1074 1551 1144 1593 con·

147 1638 284 1721 fidimus,
315 1649 351 1703 ot
381 1648 414 1702 ct
441 1644 577 1724 poluisse
603 1652 733 1720 gentem
763 1642 974 1710 Hellenirnm,
1008 1641 1143 1722 quemvis

143 1769 285 1828 parvam,
309 1756 405 1811 lotam
425 1752 596 1811 Graeciam
619 1753 663 1812 ite
687 1750 806 1833 replere
830 1750 996 1833 intelliges,
1021 1756 1055 1811 nl
1082 1769 1143 1811 onr-

141 1857 229 1918 nibus
248 1865 337 1919 terreo
363 1860 471 1922 incolis
489 1861 654 1933 moesi,
678 1862 759 1924 omni
784 1868 873 1923 lerrn
890 1858 1004 1918 Hellas
1021 1858 1142 1921 nornine

142 1968 213 2026 dolo
233 1975 265 2028 et
283 1970 349 2048 juro
370 1970 439 2029 dota
458 1970 534 2045 sint,
553 1978 645 2050 nique
676 1977 723 2046 nt,
745 1987 873 2050 quanam
889 1969 922 2029 id
941 1967 1081 2029 ellcclnrn
1100 1967 1140 2027 sil

140 2078 269 2154 rosione,
287 2080 478 2159 perspicuum
497 2080 564 2140 Tibi
581 2084 621 2141 sit
643 2060 734 2161 nlqne
758 2084 904 2160 operiam.
943 2074 1047 2157 Neque
1066 2094 1140 2135 vero

139 2186 302 2267 diligenter.
317 2186 382 2247 lraeo
402 2189 643 2251 considerantem
669 2187 713 2249 'le
735 2189 839 2270 ingere
856 2191 976 2269 polest,
1002 2185 1138 2267 quemvis

139 2316 241 2358 omnes
259 2298 437 2357 recentioris
451 2298 607 2357 Graeciae
625 2297 742 2359 incolae
761 2302 844 2358 recle
859 2314 1015 2353 remouens
1028 2294 1137 2351 Heils-

139 2407 243 2462 niesm
261 2426 370 2463 nomen
389 2403 537 2483 habeant,
562 2408 621 2469 hoc
646 2413 747 2467 lernen
770 2426 832 2469 non
858 2406 965 2467 eodem
986 2403 1076 2466 modo
1101 2400 1139 2461 nd

142 2534 245 2573 omnes
262 2516 433 2594 periinere,
451 2514 505 2576 scd
523 2515 605 2594 quod
620 2514 666 2575 acl
679 2516 830 2594 originem
848 2515 962 2572 attinet
978 2512 1138 2573 discrimen

145 2620 265 2701 aliquod
287 2622 368 2681 inter
392 2641 443 2682 eos
467 2642 532 2685 esse
556 2624 754 2688 sternendum.
792 2624 892 2703 (Fieri
914 2643 975 2685 non
994 2622 1137 2702 potnisae,

142 2731 216 2810 quin
235 2729 293 2792 hoc
312 2731 434 2811 originis
452 2733 619 2795 discrimine
641 2737 733 2797 etism
751 2754 869 2797 morum
886 2734 1039 2812 totiusque
1058 2732 1139 2791 vilse

140 2840 266 2899 solionis
290 2847 463 2921 pareretur,
485 2863 542 2925 per
562 2864 594 2905 se
613 2850 715 2925 petel,
741 2850 773 2905 ct
790 2842 841 2903 hic
859 2843 968 2903 leviter
987 2842 1135 2902 monuisse

140 2949 213 3009 salis
233 2947 306 3025 est.)
345 2948 398 3007 Ab
415 2953 534 3029 origine
553 2953 634 3013 enim
653 2954 705 3033 qni
723 2958 793 3033 post
812 2952 1009 3012 communiter
1028 2950 1136 3008 Helle-

137 3078 191 3115 nes
207 3059 355 3119 nominati
382 3067 450 3120 sunl
473 3061 506 3120 in
530 3072 593 3119 tres
611 3060 800 3122 discernendi
824 3067 894 3120 sunt
912 3071 1040 3136 parles,
1065 3076 1136 3140 qua·

136 3188 204 3228 rum
221 3187 288 3225 ena
312 3168 351 3228 iis
370 3170 557 3244 continelnr,
582 3170 634 3251 qni
652 3170 851 3228 Hellenioam
867 3172 1008 3245 stirpem,
1033 3169 1137 3227 altera

138 3278 187 3351 iis,
206 3278 258 3356 qni
268 3277 595 3354 Pelasgicampnrnrn
605 3282 815 3357 sinceramque
826 3291 1010 3350 servarein&
1026 3281 1134 3348 tertia,

138 3387 193 3459 iis,
213 3386 279 3466 qui,
303 3407 395 3466 qnnm
413 3390 533 3465 origine
550 3394 650 3453 essent
668 3386 819 3465 Pelasgi,
843 3391 973 3472 receptis
998 3389 1077 3446 inter
1102 3406 1134 3445 se

139 3493 252 3552 colonis
269 3495 440 3553 Hellenicis
459 3500 491 3556 in
509 3497 655 3555 Helenes
673 3498 809 3555 conversi
828 3505 905 3559 sunl.
943 3494 1077 3556 Primum
1096 3494 1134 3553 ed

138 3604 312 3675 Dorienses,
330 3605 460 3667 silerum
473 3604 512 3665 nd
523 3605 676 3676 Arcades,
695 3608 818 3669 tertium
838 3607 875 3666 sd
891 3605 1020 3680 reliquos
1034 3600 1135 3658 Grae-

135 3732 184 3769 cos
204 3732 308 3775 omnes
325 3716 481 3796 pertinere
499 3723 583 3796 potet
602 3716 713 3793 exiis,
733 3733 809 3796 quoe
829 3731 918 3792 snpra
935 3709 1134 3771 disseruimus.

136 3820 254 3900 Quodsi
271 3824 363 3905 igilur
382 3825 420 3884 dc
439 3822 535 3884 tribus
548 3825 608 3887 illis
623 3823 771 3903 gentibus
784 3822 993 3892 (Slaemrnen)
1013 3837 1134 3902 quaere·

136 3936 202 4007 eor,
227 3932 259 3992 in
284 3951 358 4014 ques
377 3934 523 3993 Hellenos
550 3934 683 3995 dividere
710 3928 840 4010 antiquis
866 3929 925 4009 jam
948 3931 1040 3995 meris
1059 3940 1134 4008 eret,
