2566 4672
502 276 778 346 ...19-

135 451 274 554 putotio
302 449 351 524 sit
376 445 609 524 instituenda.
663 445 776 547 Quod
800 473 909 551 quum
934 448 1022 524 mihi
1048 477 1137 554 quo-
1191 518 1193 522 ,

136 614 218 687 que,
246 585 380 687 quippe
408 578 498 656 illud
525 591 777 683 argumentum
810 593 1019 675 tractaturo,
1052 586 1137 662 saci-

138 719 272 794 endnm
298 744 379 794 esse
405 716 577 805 viderem,
607 724 741 823 tamen,
776 740 886 817 quum
919 717 1016 793 idem
1048 731 1087 795 et
1117 749 1139 796 a

137 852 325 956 proposito
351 877 432 926 meo
459 849 614 922 alienum
640 859 679 924 et
704 847 884 923 infinitum
919 878 1002 927 esse
1034 853 1140 930 intel-

137 989 297 1090 ligerem,
324 1011 452 1059 omnes
471 984 631 1058 omnium
657 982 903 1058 recentiorum
919 985 1138 1089 scriptorum

136 1148 247 1222 super
272 1119 340 1194 hac
366 1146 407 1193 re
434 1116 566 1219 placita
592 1126 702 1219 atque
728 1116 877 1194 decreta
903 1127 1076 1198 excutere
1096 1150 1137 1201 ac

138 1240 346 1355 dijudicem,
360 1253 454 1329 hanc
467 1252 557 1327 mihi
568 1253 688 1353 legem
701 1251 842 1353 scripsi,
855 1252 982 1346 uthis,
989 1268 1138 1358 praeter

137 1415 250 1460 unum
275 1391 525 1460 Niebuhriom
550 1385 727 1474 omnibus,
753 1386 943 1486 neglectis,
975 1391 1004 1486 ⁸)
1042 1399 1139 1467 solos

140 1523 344 1618 scriptores
368 1535 514 1593 veteres
539 1527 707 1592 auctores
745 1543 932 1619 sequerer,
964 1534 1015 1614 ut,
1054 1525 1141 1626 quid

141 1680 187 1727 ex
214 1652 343 1728 horum
369 1653 469 1743 locis,
496 1651 659 1728 studiose
686 1652 731 1727 iis
754 1651 901 1754 quidem
926 1660 1141 1759 conquisitis
1216 1715 1221 1725 -

139 1799 248 1889 utque
276 1798 442 1871 accurate
469 1787 568 1861 inter
594 1813 634 1861 se
652 1786 874 1887 compositis,
901 1788 946 1863 de
965 1797 1143 1896 Pelasgis

139 1927 323 1999 urzioersis
349 1939 386 1995 et
410 1925 572 2021 singulis
597 1919 814 2012 efficeretur,
847 1922 955 1999 nullis
989 1925 1141 2007 aliorum

140 2055 185 2130 de
211 2054 346 2131 haere
372 2054 567 2132 sententiis
594 2054 789 2158 impeditus
822 2065 861 2134 et
892 2084 1141 2165 praeoccupe-

136 2201 208 2282 tus,
234 2191 313 2293 ipse
350 2188 524 2270 riderem.
587 2187 678 2278 Jam,
712 2215 816 2292 quae,
841 2189 936 2270 hanc
962 2194 1142 2276 rationem

140 2335 325 2425 sequutus,
352 2324 565 2415 invenerim,
593 2350 782 2426 exponam.

597 2694 627 2791 §.
661 2703 696 2774 6.

242 2823 294 2901 Et
318 2824 474 2928 primum
502 2825 649 2926 quidem
673 2829 839 2929 proxime
863 2830 953 2910 mihi
978 2835 1024 2913 ad
1048 2843 1144 2920 veri·

139 2971 255 3036 tatem
288 2959 442 3038 ridetur
476 2959 660 3052 accedere,
695 2967 879 3067 Pelasgos
907 2997 983 3047 non
1024 2980 1145 3055 solum

142 3100 323 3198 quasdem
347 3098 530 3168 Helladis
548 3109 698 3195 portes,
722 3103 792 3177 sed
806 3129 962 3193 omnem,
988 3114 1050 3185 cui
1067 3139 1144 3213 po-

147 3244 230 3303 steo
254 3234 324 3305 hoo
348 3259 481 3306 nomen
507 3233 670 3307 inditum
685 3249 753 3339 est,
785 3249 932 3314 terram
956 3246 1146 3343 antiquis·-
1219 3241 1222 3245 ’

145 3366 247 3436 simis
273 3365 497 3461 temporibus
522 3367 696 3453 terruisse,
719 3374 862 3448 tuntum
886 3372 1002 3464 abest,
1032 3383 1075 3452 ut
1099 3373 1145 3452 iis

145 3493 417 3570 assentiendum
456 3521 542 3574 esse
567 3524 746 3592 censeam,
786 3502 851 3606 qui
888 3528 1041 3582 errones
1080 3533 1145 3588 eos

144 3629 270 3706 nescio
298 3656 390 3732 quos
414 3629 539 3724 fuisse,
563 3658 634 3710 nec
664 3633 738 3710 ullo
770 3634 853 3712 loco
886 3647 1006 3713 certas
1037 3637 1145 3717 sedes

144 3762 326 3842 collocare
343 3763 528 3867 potuisse,
554 3763 777 3868 persuadere
802 3770 910 3846 nobis
936 3771 1094 3874 cupiant.

802 4058 917 4126 20,
