2566 4672
432 261 708 335 ..43-

67 439 158 497 inisse
178 438 317 496 aPliaio
336 435 436 498 edocti
448 432 558 495 ecimus
575 430 632 508 ¹⁴).
670 433 809 493 Paeonee
827 454 919 516 porro
938 438 972 497 lu
990 444 1069 499 utra·

68 567 127 628 que
140 547 220 608 Aea
237 547 322 611 fluvii
341 565 394 605 ora
413 543 578 623 antiquitus
590 538 731 603 habuitne
743 543 952 624 videntur¹¹).
970 549 1071 606 Ema-

68 655 171 713 tla‘am
189 657 321 736 quidem,
341 655 469 736 quaein
487 671 524 713 ea
541 652 627 714 fluvii
645 653 731 733 ripa,
749 671 825 733 prae
840 656 873 715 in
884 656 1072 719 milenum

69 765 164 826 solem
192 771 330 847 spectat,
360 783 421 825 non
456 761 562 843 procul
599 761 636 822 ab
674 761 760 842 ostiis
789 765 885 824 oritur
916 772 1006 846 elque
1033 767 1073 827 ad

68 875 246 950 Pelagones
269 875 417 955 pertinet,
444 871 573 952 antiquis
597 871 785 952 temporibus
804 875 979 934 Paeoniae
999 895 1071 937 uun·

69 990 207 1064 cupatam
227 1003 310 1058 esse,
329 984 440 1041 Liviae
459 989 565 1042 auctor
584 987 631 1041 est
646 979 703 1056 ²⁶).
738 980 826 1060 Quae
844 981 973 1046 alteram
989 984 1074 1045 fluvii

37 1132 39 1136 ι
67 1093 164 1173 ripam
183 1094 319 1174 attingit,
337 1091 467 1154 finitima
485 1088 673 1162 Emathiae,
692 1089 868 1170 Mygdonia
887 1093 988 1173 regio,
1008 1094 1072 1173 ejue

67 1202 182 1263 incolae
200 1205 280 1264 inter
299 1204 460 1261 Paeoniae
480 1203 618 1261 nationes
634 1212 656 1260 'a
673 1199 782 1258 Plinio
800 1207 998 1263 numerantur
1013 1201 1073 1277 ι9).

68 1310 252 1368 Emathiam
271 1318 304 1373 et
322 1311 533 1389 Mygdoniam
551 1311 788 1391 septentrionem
805 1330 912 1373 verene
934 1310 968 1371 iu
991 1317 1072 1371 utre-

69 1440 128 1499 que
149 1421 234 1480 fluvii
252 1422 319 1500 ripa
336 1420 519 1496 Pelagonia
535 1417 657 1481 vitetur
676 1420 846 1498 excepisse,
866 1438 956 1500 quam
974 1421 1074 1479 Paeo·

71 1547 147 1585 naen
176 1528 269 1588 fuisse
301 1547 392 1608 supra
424 1533 692 1588 commemoratum
721 1533 777 1589 eet.
821 1526 911 1589 Circa
941 1529 1076 1609 ejusden

68 1637 152 1697 fluvii
176 1638 276 1698 fontes
301 1644 403 1698 autem
428 1637 486 1697 sita
510 1635 603 1695 fuisse
627 1635 764 1712 videtur,
786 1655 864 1718 quae
889 1637 980 1696 Livio
1003 1658 1073 1719 pro⁴

65 1746 132 1825 prie
152 1747 263 1808 dicitur
282 1748 427 1828 Raeonia
443 1743 501 1822 ¹⁸).
538 1744 668 1807 Diversa
697 1745 734 1805 ab
759 1744 816 1806 hac
834 1748 980 1805 Paeonia
998 1748 1077 1807 Pto·

68 1856 190 1926 temaa',
210 1857 295 1936 cujus
309 1849 462 1942 Δὴβορος
484 1863 516 1915 et
534 1847 691 1939 ’‘Atapoc
715 1855 820 1931 urbes,
844 1874 916 1918 nam
940 1856 1076 1918 ePela-

65 1971 198 2048 gonibaa
228 1993 386 2050 occasum,
420 1993 437 2033 a
466 1975 575 2048 Lyaeo
607 1974 845 2052 septentrionem
873 1978 906 2033 et
936 1990 1077 2035 omarum

44 2098 47 2103 ’
69 2101 175 2141 versus
201 2090 327 2162 spectat.
347 2115 385 2129 --
410 2083 525 2144 Omnes
543 2082 767 2152 Macedoniae,
792 2101 870 2162 quse
894 2089 1001 2162 postea
1023 2103 1075 2145 vo.

69 2197 136 2250 cata
164 2198 228 2267 est,
261 2194 416 2274 regiones,
449 2211 527 2274 quae
555 2192 594 2253 ad
621 2193 857 2265 septemtrionem
883 2199 1028 2273 vergunt,
1056 2211 1076 2252 a

68 2300 206 2379 gentibus
225 2305 376 2361 Paeoniis
401 2301 551 2364 habitatas
570 2301 680 2374 iuieec,
709 2306 794 2361 recte
819 2321 859 2361 ex
890 2301 1078 2379 Thucydidis

69 2409 135 2470 loco
156 2410 257 2493 colligi
275 2412 362 2473 nobie
382 2432 470 2494 poeee
489 2411 626 2487 vitietur,
645 2409 698 2471 ubi
715 2430 778 2471 non
796 2411 894 2472 solum
912 2412 1077 2494 regionem,

70 2538 147 2596 quae
175 2521 255 2580 circa
282 2521 455 2598 Strymonis
483 2522 584 2583 fontes
614 2527 680 2595 est,
711 2521 844 2601 indeque
876 2521 931 2582 sub
960 2518 1077 2579 &amco

72 2632 175 2685 monte
194 2628 226 2687 in
245 2630 392 2692 orientem
416 2632 512 2694 solem
538 2631 718 2713 porrigitur,
741 2631 844 2712 itaque
871 2631 935 2710 ejus
958 2636 1077 2704 terrae,

73 2753 152 2816 quae
171 2737 331 2812 Strymone
358 2747 391 2801 et
409 2744 505 2801 Neato
526 2740 701 2809 fluminibus
729 2740 917 2816 continetur,
942 2746 1077 2821 partem,

72 2863 151 2924 quae
176 2846 208 2905 in
233 2850 469 2928 septentrionem
493 2858 625 2933 spectat,
650 2850 799 2909 Paeoniis
823 2850 961 2932 populis,
984 2868 1078 2930 regno

74 2954 205 3030 Odrysio
232 2957 390 3037 subjectis,
420 2963 571 3044 assignat,
600 2960 654 3022 sed
681 2960 775 3021 etiam
803 2961 943 3018 Paeonee
970 2958 1078 3018 liberor

71 3072 159 3124 trans
179 3065 372 3144 Strymonem
396 3073 585 3133 occidentem
614 3069 708 3130 solem
732 3089 837 3129 versus
862 3035 992 3132 coluieee
1018 3075 1080 3131 lra-

72 3177 150 3236 dit¹
158 3177 198 3250 9)
245 3177 308 3239 Sel
335 3199 398 3241 non
425 3182 523 3243 solum
552 3183 633 3243 eirca
655 3177 764 3256 santae
793 3179 963 3256 Strynwaie
994 3179 1079 3241 fluvii

72 3289 231 3344 Paeoniae
248 3289 386 3350 nationes
405 3290 604 3366 habitavisse,
628 3289 682 3351 sed
708 3308 812 3349 omues
836 3291 959 3353 omuino
983 3291 1079 3369 regio.

73 3414 146 3469 nee,
179 3416 255 3476 quae
288 3399 369 3458 circa
400 3400 482 3463 huno
513 3403 637 3461 fluvium
666 3405 753 3474 suut,
786 3419 883 3479 ueqrre
915 3400 953 3459 ad
982 3399 1081 3459 Dae-tt

72 3505 239 3579 Hystaspis
260 3513 396 3588 tempora
420 3511 457 3570 iie
482 3511 633 3590 eubjectas
656 3509 765 3582 luisse,
780 3507 953 3567 larvatae
974 3505 1080 3586 noent,

75 3615 126 3692 qui
145 3615 227 3674 idom
246 3617 429 3697 singularum
447 3622 620 3693 nationum,
639 3638 717 3700 quae
737 3617 907 3679 baeterrae
924 3613 1079 3696 tenebant,

73 3725 194 3784 nomina
221 3725 332 3786 litteris
360 3730 512 3791 mandavit
534 3735 578 3791 ²⁰.
617 3727 753 3807 Quarum
780 3731 899 3806 partem
927 3736 1020 3809 quum
1047 3729 1080 3791 iu

69 3831 189 3911 ¹Asiam
217 3834 387 3897 medaeam
416 3861 481 3900 esso
509 3844 631 3910 narret,
661 3835 809 3913 conjicere
838 3834 926 3913 licet,
954 3837 1086 3909 Simon

74 3941 203 4003 fortasse
223 3943 316 4007 ctiam
335 3947 479 4015 Maean,
503 3945 652 4006 Thracios
677 3941 820 4025 populoe.
847 3947 933 4010 eedee
952 3946 996 4011 ab
1020 3936 1079 4013 illio
