2566 4672
593 311 872 383 ..34-

304 477 382 544 Quod
407 479 480 530 focile
503 482 640 549 perspicies
665 492 759 530 mutate
783 478 815 528 ed
834 498 911 544 eum,
928 499 1006 548 quem
1022 498 1097 551 supro
1114 480 1234 547 indicavi,

237 578 347 628 modum
365 581 504 630 verborum
526 579 793 648 interpungeudorum
815 581 921 634 rstioue.
957 583 1028 634 Tum
1050 585 1119 635 euim
1141 583 1234 637 verba:

239 673 313 727 ἰόντα
336 685 477 745 τοαρχαῖον
497 681 627 746 jungenda
650 692 708 729 suut
731 695 791 729 eum
815 683 992 745 sequentibus:
1014 681 1046 731 τὸ
1068 683 1115 748 μὲν
1131 698 1153 730 r.
1170 699 1196 731 τ.
1214 681 1235 733 i.

238 782 296 830 Jaru
314 799 376 834 vero
394 785 532 833 rectissime
550 779 655 848 quidem
673 778 721 828 dici
733 782 828 846 potuit:
847 779 888 827 irio
905 798 986 850 τοαρ
993 789 1089 844 χαῖον
1106 781 1235 846 Πελασγι-

240 879 283 928 κὸν
305 883 394 941 ibose,
417 885 524 932 minime
548 899 608 931 vero
632 864 673 926 loo
693 880 877 945 τοαρχιιῖον
894 875 1039 944 Ἑλληνικὸν
1060 885 1152 948 {Ovum
1175 901 1235 934 uam

240 982 340 1034 Jonr'ca
358 1000 420 1047 gens
437 979 595 1049 antiquitus
613 1006 644 1017 —
661 982 800 1044 τοαρχιιῐον
816 1007 849 1017 -
867 995 939 1031 eraut
955 982 1078 1051 Pelasgi,
1096 982 1235 1034 Herodoti

241 1096 266 1131 et
288 1081 379 1130 Croesi
401 1082 558 1147 temporibus
582 1077 726 1136 Hellenes,·
762 1079 868 1129 Dorica
892 1100 945 1132 nou
968 1083 1054 1134 solum
1076 1081 1235 1152 antiquitus

239 1179 383 1236 Hellenos,
406 1178 452 1226 sed
474 1193 499 1228 et
521 1177 612 1228 Croesi
636 1191 660 1228 et
677 1178 813 1228 Herodoti
835 1191 860 1227 et
885 1183 956 1230 omui
979 1185 1084 1233 omniuo
1108 1195 1235 1252 tempore.

240 1282 327 1345 ltaque
345 1296 427 1345 quum
440 1280 608 1344 ιτοηρχιιῖοι·
625 1275 657 1324 ad
675 1279 728 1328 soie
746 1279 839 1328 verba:
857 1280 1018 1346 Πελασγικὸν
1036 1283 1236 1350 &sepertine-

239 1395 287 1443 ret,
304 1379 366 1429 hoec
382 1379 522 1428 necessaria
534 1377 618 1444 primo
630 1378 687 1426 loco
699 1378 818 1444 ponenda
831 1392 855 1429 et
869 1399 929 1432 euru
946 1385 990 1433 illo
1003 1387 1091 1436 vocab.
1103 1383 1235 1450 jungenda

241 1493 319 1533 eraut.
365 1479 418 1530 sed
441 1483 467 1530 in
490 1481 528 1529 his
552 1494 642 1527 omues
666 1480 738 1527 saciie
759 1480 823 1529 mibi
847 1499 899 1534 esse
924 1501 1070 1534 assensuros
1084 1497 1196 1551 ‚sperot
1217 1486 1237 1533 si

241 1602 303 1634 vero
327 1584 353 1632 iu
377 1583 420 1644 iis,
444 1598 507 1647 quae
525 1593 680 1645 sequuntur,
703 1581 779 1628 rerba
797 1578 828 1628 τὸ
851 1583 899 1647 μὲν
916 1611 948 1621 -
965 1582 996 1633 τὸ
1014 1581 1041 1632 δὲ
1059 1587 1092 1634 ito
1109 1585 1235 1634 intellecti

241 1685 309 1746 volo,
318 1696 347 1733 ut
355 1683 439 1750 priore
451 1681 521 1730 idem
532 1691 631 1742 soueut,
643 1694 731 1746 atque:
749 1679 900 1750 Pelasgicos
911 1700 987 1750 gens,
1003 1686 1143 1752 posteriora
1157 1682 1235 1747 idem,

243 1800 333 1852 atque:
351 1780 506 1843 Ηθίἷεηιέα,
525 1779 598 1829 video
615 1780 681 1844 jam,
703 1784 770 1843 sore,
787 1793 816 1829 ut
833 1784 858 1831 iu
877 1784 1020 1833 multorum
1037 1787 1171 1834 incurram
1186 1787 1235 1835 im·

242 1886 427 1953 probationem,
453 1882 505 1947 qui,
532 1883 630 1929 etisrusi
648 1899 700 1930 non
718 1881 794 1929 —id
813 1881 885 1948 quod
902 1883 989 1932 multis
1006 1887 1066 1935 siris
1083 1883 1234 1936 doctissimis

242 1987 272 2034 iis
295 1983 415 2049 quidem,
437 1979 483 2030 sed
508 1993 602 2047 parum
618 1985 717 2034 attentis
734 1983 848 2032 accidere
866 1985 982 2046 memini,
998 2012 1031 2022 —
1048 1985 1128 2036 verbs
1144 1983 1177 2034 τὸ
1192 1987 1235 2052 μὴ

243 2083 276 2134 sd
292 2080 437 2143 Helicon,
459 2077 490 2127 τὸ
508 2079 536 2127 δὲ
554 2081 587 2130 ad
604 2080 738 2148 Pelasgos
762 2083 894 2133 reserenda
917 2102 972 2133 esse
995 2099 1129 2149 censeant¹
1150 2099 1234 2138 tamen

242 2184 337 2236 erroris
354 2199 397 2232 me
414 2181 610 2242 insimulabunt,
634 2185 677 2247 qui
695 2182 727 2230 de
745 2181 879 2232 uuir-ersis
895 2183 1024 2251 gentibus
1047 2199 1072 2236 et
1089 2183 1232 2256 Pelasgiea

244 2297 270 2336 et
296 2281 445 2334 Hellenica
472 2281 537 2330 dicta
570 2299 624 2330 esse
654 2284 814 2342 existimem,
841 2301 906 2350 quse
936 2303 988 2335 non
1020 2289 1165 2352 pertineant
1189 2291 1234 2341 uisi

243 2383 277 2435 sd
303 2381 444 2433 earundem
473 2395 571 2449 partes,
600 2381 632 2431 ed
653 2374 801 2431 Dorienses
819 2396 844 2432 et
861 2383 893 2432 od
910 2386 1007 2450 lones,
1035 2388 1084 2452 vei,
1109 2387 1137 2438 id
1165 2389 1233 2457 quod

244 2487 328 2552 magis
349 2486 453 2534 fortasse
471 2485 500 2531 iis
519 2484 642 2543 arriserit,
666 2482 698 2530 sd
722 2486 791 2530 solos
817 2483 930 2534 Atticae
952 2487 1055 2539 incolas.
1089 2489 1166 2540 Hisce
1189 2506 1234 2557 ego

244 2588 294 2640 boe
310 2601 460 2653 responsum
478 2586 545 2645 volo,
562 2585 669 2632 minime
688 2602 730 2631 me
748 2583 853 2653 quidem
870 2588 995 2650 ignorare,
1013 2607 1077 2654 quae
1094 2590 1128 2640 sd
1145 2590 1235 2641 defeu-

244 2687 354 2738 dendom
371 2686 436 2735 bauo
452 2686 611 2737 sententiam,
621 2683 730 2749 proferri
746 2686 857 2747 possint,
875 2682 975 2751 seuseu,
991 2690 1132 2740 rationibus
1149 2693 1234 2742 omui-

243 2789 291 2837 bus
308 2788 373 2836 beue
390 2786 530 2852 perpensis,
548 2784 629 2833 facere
647 2800 699 2831 nou
717 2801 801 2849 posse,
821 2787 889 2850 quin,
908 2805 986 2853 quam
1002 2807 1079 2856 supra
1096 2795 1234 2857 posuerim,

241 2889 392 2936 seutentiam
415 2886 560 2951 amplectar.
601 2885 702 2950 Quibus
728 2895 813 2933 motus
831 2888 970 2936 rationibus
988 2889 1037 2937 boc
1059 2890 1159 2954 faciam,
1176 2910 1234 2960 por-

241 2988 288 3038 tim
306 3005 335 3034 ex
354 2989 391 3047 iis,
409 3003 471 3050 quae
491 2985 555 3033 iufra
574 2983 776 3049 disputabuntur,
795 2987 930 3051 apparebit.
954 3014 986 3025 -·

279 3224 281 3228 ,
307 3151 351 3216 53)
368 3152 393 3201 b.
430 3152 503 3217 Quae
520 3153 561 3201 hic
578 3154 716 3216 significata
734 3166 801 3215 suut,
818 3156 890 3217 iufra,
908 3156 951 3204 ubi
970 3156 1000 3205 de
1019 3156 1148 3224 Pelasgis
1172 3161 1233 3208 Ita·

242 3252 309 3301 liam
328 3252 496 3302 incolentibus
514 3269 681 3316 exponemus,
701 3254 780 3300 fusius
799 3256 1000 3319 explicabuntur.

309 3417 356 3485 54)
374 3418 412 3474 cr.
434 3417 512 3470 utet.
531 3419 557 3467 u.
577 3418 608 3469 e.
627 3418 649 3467 r,
669 3438 694 3484 p.
714 3420 769 3474 trs.
788 3421 811 3472 o.
