2566 4672
498 275 773 349 ...41-

135 472 207 514 num
226 452 305 511 forts
325 448 462 523 cosdem,
483 466 558 528 quos
572 449 709 507 Graecia
729 445 1006 525 antiquarunm
1025 441 1136 508 habuc.

136 563 213 638 tint,
232 559 409 621 videbimus.
447 559 578 633 Epirum
596 564 697 618 autem
717 576 809 639 quum
827 576 917 637 supra
944 557 1004 636 jam
1023 558 1138 615 Pelas-

132 692 247 749 gorum
266 671 369 730 sedem
385 667 478 727 fuisse
497 666 733 728 demonstratum
759 668 815 743 sit,
841 666 900 727 hoc
923 666 990 727 loco
1010 666 1048 726 de
1066 666 1138 726 solis

137 779 341 840 Macedoniae
368 777 474 837 incolis
503 777 706 856 quaerendum
732 778 953 838 videturesse.
982 806 1021 819 -
1046 774 1138 853 Quod

138 895 239 948 autem
259 887 296 947 ad
315 887 370 946 hos
390 888 513 962 attinet,
533 888 664 968 primum
683 887 816 947 omnium
835 887 907 946 sotis
927 890 1060 960 condat,
1085 903 1139 944 uo·

137 997 218 1057 mina
242 995 490 1067 „Macedonem
516 1000 548 1056 et
572 996 838 1066 „Macedonia“,
859 995 990 1074 antiquis
1014 1012 1138 1073 prorsus

136 1108 272 1188 ignorata
285 1107 328 1182 ¹),
356 1105 574 1167 recentioribus
592 1106 778 1186 temporibus
798 1109 913 1165 ettam
932 1104 1053 1162 demum
1072 1108 1140 1162 orto

138 1227 215 1292 esse,
227 1223 387 1297 postquam
398 1215 507 1275 inistis
517 1216 741 1299 terrisregnum
752 1214 908 1275 aGraecis
918 1212 1073 1273 conditum
1084 1216 1139 1275 cst.

138 1326 208 1406 Qua
233 1326 271 1386 dc
296 1346 331 1385 re
357 1324 432 1384 licet
449 1325 551 1385 variae
571 1343 606 1384 oc
625 1325 829 1406 discrepantes
847 1322 1034 1383 narrationes
1052 1319 1140 1381 nobis

139 1434 268 1493 traditae
288 1435 366 1508 sint,
391 1433 424 1492 in
448 1452 551 1492 rerum
569 1451 684 1492 summo
701 1439 819 1508 tamen,
844 1450 920 1512 qnae
940 1434 1061 1512 quidem
1079 1430 1141 1492 ulla

141 1544 248 1625 dignae
273 1544 333 1602 sint
357 1540 434 1617 fide,
461 1543 623 1603 convenire
646 1542 796 1602 videntur.
833 1540 911 1600 Nam
935 1547 1001 1600 tum
1024 1541 1063 1616 ii,
1089 1541 1141 1620 qui

139 1653 304 1710 Cranaam
322 1651 471 1732 quendam
498 1650 586 1730 hujus
604 1651 690 1733 regni
709 1650 895 1710 conditorem
914 1650 1045 1726 iaciunt,
1070 1669 1141 1730 qno·

136 1780 206 1820 rum
226 1780 243 1820 e
261 1779 388 1820 numero
407 1761 552 1818 lactinae
571 1766 618 1820 cst
633 1759 682 1836 ¹),
706 1766 771 1819 tum
791 1760 842 1839 qui
861 1759 1048 1816 Perdiccam
1066 1759 1142 1838 ejus·

137 1889 197 1949 que
216 1866 325 1929 fratres
344 1868 485 1929 fundasse
505 1868 644 1944 uadunt,
664 1869 746 1950 quod
764 1867 955 1926 Iaieroalotana
970 1869 1071 1930 iacere
1089 1888 1141 1929 no-

139 1985 205 2038 tum
231 1985 277 2038 est
297 1978 346 2053 ⁸),
374 1983 440 2038 tum
468 1979 536 2058 qui,
566 1996 584 2036 a
608 1995 738 2057 qucum
767 1979 965 2038 constitutum
993 1979 1052 2054 sit,
1080 1998 1142 2040 uon

140 2087 302 2163 definiunt,
323 2094 357 2148 ut
379 2085 571 2164 Thucydides
587 2087 641 2162 ⁴),
666 2086 698 2146 in
718 2106 754 2147 eo
773 2093 876 2148 tamen
895 2106 999 2148 omues
1018 2098 1141 2150 consen-

139 2199 235 2270 tiunt,
260 2199 395 2272 venisse,
422 2198 474 2276 qui
498 2196 558 2256 hoo
583 2216 708 2278 regnum
728 2196 933 2273 condiderint,
959 2217 998 2257 cx
1022 2199 1142 2276 Argis,

141 2314 172 2367 ct
192 2307 326 2368 coloniae
347 2307 504 2367 ductorem
526 2304 571 2384 ⁵),
596 2307 785 2386 eundemque
808 2306 940 2387 primum
963 2307 1035 2367 novi
1060 2309 1144 2390 regui
1234 2322 1237 2331 ·

141 2437 258 2498 rogem,
288 2419 340 2499 qni
366 2435 422 2497 per
446 2436 551 2476 manus
576 2418 707 2499 posteris
731 2415 906 2492 tradiderit,
938 2435 978 2477 ex
1006 2418 1142 2488 Temeni,

145 2527 192 2585 cui
223 2527 260 2585 de
283 2525 479 2595 Heraclidis,
509 2545 601 2606 quum
625 2527 725 2585 Dorso
747 2525 990 2601 Peloponnesum
1018 2544 1145 2608 oocupa-

144 2633 279 2708 vissent,
292 2633 424 2712 Argolis
443 2642 601 2710 evenerat,
627 2634 721 2715 stirpe
745 2640 924 2716 prognatum
942 2636 1043 2696 inisse.
1081 2636 1146 2698 Neo

143 2742 176 2803 iu
201 2740 371 2802 definiendo
395 2755 543 2820 tempore,
572 2762 632 2824 quo
661 2742 720 2804 hoo
744 2743 857 2805 iactum
883 2746 939 2820 sit,
967 2745 1010 2804 its
1039 2765 1145 2828 magua

143 2853 336 2912 decretorum
354 2854 500 2929 varietas,
525 2873 618 2934 quum
640 2853 827 2915 omuesiere
846 2854 1006 2915 concinere
1025 2857 1144 2918 videan-

144 2967 211 3036 tur,
236 2960 287 3022 vol
309 2959 365 3021 IX
391 2982 449 3026 sec.
474 2965 599 3026 ineunte
624 2964 675 3024 vel
693 2963 772 3024 vm.
793 2984 853 3024 sec.
873 2982 900 3025 a.
920 2962 992 3026 Chr.
1012 2985 1042 3025 n.
1060 2968 1145 3048 regni

142 3069 336 3132 fundamenta
355 3070 436 3150 jacta
454 3093 527 3136 csse.
566 3072 633 3134 Hoc
653 3073 745 3154 igitur
762 3079 900 3155 tempore
919 3075 1049 3155 primum
1068 3077 1145 3136 Ma-

143 3180 318 3237 cedonicam
341 3199 451 3237 nomn
475 3187 591 3258 ortum,
622 3190 705 3243 certe
733 3184 791 3243 nisi
820 3183 857 3243 ab
887 3203 924 3245 eo
949 3184 1062 3246 nullam
1089 3207 1147 3249 neo

144 3288 352 3369 Macedonum
368 3309 427 3350 uec
440 3292 646 3351 Macedoniae
664 3292 744 3374 apud
757 3297 875 3353 veteres
889 3293 1051 3374 scriptores
1063 3316 1146 3357 meu-

144 3397 259 3456 tioucm
282 3397 393 3458 iactam
411 3399 548 3462 videmus
564 3400 603 3478 ⁶).
642 3402 748 3482 ltaque
773 3401 895 3482 quinam
918 3403 997 3462 hane
1022 3410 1145 3482 terram,

144 3506 196 3565 ubi
216 3525 341 3588 reguum
360 3507 597 3568 Macedonicam
615 3512 776 3571 conditum
794 3518 861 3584 est,
878 3511 1046 3590 antiquitus
1071 3511 1146 3574 obti-

144 3615 281 3689 uucmut,
307 3616 439 3695 quidque
459 3618 497 3678 de
517 3637 622 3679 eornm
641 3621 755 3701 origine
775 3628 808 3682 et
830 3639 941 3700 genere
960 3639 998 3680 cx
1018 3621 1147 3702 antiquis
1210 3630 1213 3634 ’

144 3732 176 3784 ot
194 3725 408 3786 historicorum
428 3733 459 3786 et
472 3729 709 3810 geographorum
722 3730 924 3790 monumentis
937 3727 1018 3790 offici
1035 3733 1146 3810 possit,

145 3835 359 3914 investigemus
377 3854 501 3895 neeesse
521 3838 588 3898 erit.
682 3832 693 3844 ’

221 3942 348 4018 Multas,
368 3962 445 4024 qnae
464 3944 543 4004 hano
561 3952 674 4006 terram
692 3944 852 4009 incoluisse
866 3947 1034 4025 traduntur,
1054 3953 1149 4014 notio·
