2566 4672
429 263 701 337 ..01-

69 436 209 497 Imbrum
234 434 345 495 insulas
370 433 441 514 quin
465 431 626 494 habuerint
644 433 791 511 Pelasgi,
816 451 905 497 nemo
929 450 1061 517 ananan

70 545 102 605 in
122 545 244 605 dubium
263 544 399 616 vocavit,
426 562 517 624 quum
537 542 575 602 ad
594 540 679 601 belle
696 541 822 600 Persica
837 562 932 624 usqne
949 543 993 604 ibi
1010 542 1063 604 hs.

70 653 182 714 bitasse
196 654 261 734 ipsa
280 652 402 712 historia
419 651 494 711 (luce
508 651 706 712 demonstrari
725 654 820 733 possit
831 650 895 728 ¹⁰);
913 652 945 712 id
963 658 1063 713 umen

72 764 244 841 quaeritur,
269 768 368 820 utrum
393 761 452 840 jam
478 779 513 819 eo
538 766 677 840 tempore
702 759 756 820 bas
775 759 885 820 insulas
904 759 1066 833 coluerint,

72 893 134 952 quo
155 873 235 931 omui
256 870 390 927 Graecia
408 869 560 945 Pelasgos
577 867 727 929 habitasse
748 868 868 944 scimus,
890 886 929 928 an
946 875 1068 949 postero

71 981 192 1040 demum
211 986 347 1057 tempore
366 978 420 1038 bas
439 978 525 1039 sedes
543 978 716 1051 invaserint,
735 979 815 1057 qaod
835 978 873 1038 de
889 977 936 1039 hir
948 977 1070 1059 quidem

72 1089 217 1166 Pelasgis
241 1107 278 1147 eo
302 1085 408 1164 majori
432 1087 497 1147 reri
521 1087 621 1167 specie
644 1087 851 1162 eonoenderis,
879 1105 972 1166 quum
995 1088 1070 1147 satis

75 1198 160 1278 digna
186 1196 246 1256 fide
271 1195 409 1256 videatur
432 1213 469 1254 ca
497 1195 644 1277 narratio,
670 1213 729 1275 qua
754 1193 1068 1273 Pelasgi-Tyrrheni

75 1307 155 1365 omui
175 1305 238 1365 fere
259 1303 387 1363 Graecia
412 1309 568 1384 peragrata
592 1303 624 1362 iu
644 1305 756 1361 Attica
784 1303 965 1384 aliquamdiu
989 1324 1069 1366 com·

78 1413 201 1487 morati,
224 1432 284 1471 non
309 1410 400 1491 longo
426 1417 527 1471 tamen
551 1411 696 1492 temporis
717 1411 877 1471 intervallo
895 1412 1071 1492 interjecto,

82 1541 121 1581 ex
138 1521 195 1580 hac
213 1540 328 1601 qnoque
352 1527 435 1581 terra
461 1519 569 1600 pulsi,
584 1520 616 1578 iu
639 1519 699 1580 illis
717 1520 820 1579 insulis
839 1519 961 1581 stabiles
985 1521 1073 1581 sedes

81 1629 242 1690 collocasse
260 1630 403 1691 feruutur.
432 1628 545 1688 Verum
560 1628 641 1691 euim
652 1649 726 1690 vero
744 1629 807 1691 noli
824 1634 943 1710 putare,
956 1631 1074 1693 etiamsi

79 1738 111 1798 hi
130 1739 161 1798 in
181 1738 233 1799 has
252 1741 389 1821 regiones
409 1738 622 1819 confugerunt,
646 1738 760 1818 primos
780 1759 832 1800 eos
851 1738 943 1799 luisse
961 1739 1073 1798 Pelas-

72 1866 152 1924 gos,
170 1848 222 1926 qui
242 1848 281 1906 ad
299 1846 365 1906 illas
385 1867 452 1907 oras
472 1847 658 1928 appulerint,
683 1866 761 1907 neve
780 1846 915 1923 dubites,
934 1850 1005 1929 quin
1025 1867 1076 1911 aas

79 1958 139 2035 jam
164 1957 201 2014 ab
226 1956 284 2017 hac
307 1963 395 2036 gente
421 1962 579 2037 occupatas
604 1955 781 2018 invenerint.
825 1954 902 2017 Nam
928 1963 959 2018 et
987 1956 1075 2021 retu
1153 1992 1158 1999 ·

82 2065 317 2141 Pelasgicorum
342 2084 500 2122 sacrorum
518 2067 692 2140 primariae
712 2064 850 2139 suerunt,
874 2086 932 2127 nee
955 2082 1010 2128 ete
1035 2064 1074 2128 als

81 2172 141 2234 boc
159 2174 279 2234 demum
289 2181 438 2255 tempore,
458 2192 516 2253 quo
532 2173 684 2251 Tyrrheni
697 2172 742 2233 illi
753 2175 791 2234 iis
803 2176 920 2255 recepti
938 2182 1019 2250 sunt,
1036 2204 1079 2221 -

80 2284 112 2343 id
131 2284 212 2364 quod
230 2290 264 2342 ut
283 2303 338 2363 per
357 2302 390 2342 se
409 2288 456 2341 est
474 2282 650 2358 verisimile,
671 2284 716 2343 ila
733 2283 879 2341 Herodoti
897 2284 1078 2351 auctoritate

81 2392 275 2453 confirmatur
291 2391 355 2467 ¹²),
380 2423 419 2436 -
443 2397 474 2451 et
502 2391 601 2459 Sinti,
631 2390 787 2460 Thracia,
814 2393 834 2451 i.
854 2411 880 2452 e.
905 2393 1079 2470 Pelasgica

81 2504 179 2575 natio,
199 2500 288 2582 primi
308 2506 340 2559 et
359 2501 509 2556 umnam
528 2506 559 2558 et
579 2499 803 2557 Sanwthracen
823 2498 954 2557 tenuisse
979 2499 1079 2559 feruu-

86 2616 136 2669 tur
151 2608 207 2686 ι’).
232 2639 271 2653 --
294 2605 363 2666 Non
380 2602 484 2667 ‘solum
508 2607 656 2672 Samum,
684 2607 811 2664 insulam
840 2606 998 2672 Ionicum,
1027 2608 1081 2669 secl

86 2738 188 2778 omues
208 2718 344 2790 omnino,
374 2735 450 2795 quae
474 2734 563 2772 oram
586 2715 728 2773 Ionicum
751 2713 941 2792 adjacebant,
970 2714 1082 2780 insulas

85 2827 295 2907 antiquissimis
314 2826 374 2904 jam
391 2824 577 2904 temporibus
595 2824 762 2904 possedisse
780 2822 934 2899 Pelasgae
945 2831 1081 2891 vetem

86 2937 265 3017 scriptorum
289 2934 468 2993 testimoniis
494 2932 719 3013 comprobatum
752 2940 797 2992 est
816 2934 877 3010 ¹³).
901 2964 939 2978 -
964 2934 1081 3017 Quodsi

84 3045 253 3102 Ihrodotus
267 3039 345 3113 τούς
365 3033 529 3114 νησιώτας
552 3032 653 3114 ἔθνος
675 3034 889 3122 Πελασγικόν
909 3045 999 3107 luisse
1012 3068 1081 3129 pro-

86 3153 132 3212 dit
148 3151 212 3229 ¹⁴),
231 3171 292 3210 non
311 3151 342 3209 id
361 3150 482 3229 quidem
501 3150 622 3212 dubium
642 3160 703 3228 est,
728 3173 870 3234 quasnam
895 3155 1006 3216 insulas
1025 3157 1081 3236 sig·

87 3259 267 3333 nificaverit,
287 3278 378 3337 quum
392 3259 618 3318 Valckenarius
620 3303 631 3331 ,
645 3263 750 3331 Caum,
763 3265 905 3333 Naxum,
919 3262 1083 3338 Siphnum,

43 3366 50 3372 ’
88 3366 270 3443 Seriphum,
289 3367 435 3424 Andrum
461 3376 493 3428 et
517 3371 631 3428 Tenum
655 3373 861 3453 intelligendas
886 3392 952 3430 esse
977 3369 1109 3450 probs·¹

89 3477 184 3550 verit,
210 3477 263 3535 sed
281 3483 380 3535 utrum
400 3479 542 3552 antiquos
560 3478 673 3537 harum
690 3479 1021 3549 insularumjnco'laa,
1045 3496 1087 3541 an

89 3588 197 3652 Ioues,
223 3586 273 3664 qui
300 3605 348 3643 eas
368 3585 584 3646 recentioribus
608 3588 792 3667 temporibus
817 3591 977 3662 occupatas
1000 3591 1084 3647 tene·

89 3692 180 3768 bant,
204 3693 378 3753 intellectos
403 3691 549 3765 voluerit,
577 3694 636 3753 hoc
661 3700 723 3766 est,
748 3691 829 3772 quod
854 3689 980 3751 dubites.
1018 3690 1087 3758 laea

92 3807 193 3861 tamen
212 3804 376 3874 sententia,
401 3799 556 3858 minimum
581 3821 620 3858 ne
646 3801 757 3858 fallaris
782 3798 947 3880 periculum
971 3807 1034 3874 est,
1056 3806 1088 3868 sl

92 3911 188 3990 priori
206 3910 372 3991 sententiae
397 3907 573 3980 assenseris,
599 3907 650 3967 cui
673 3906 794 3968 minime
821 3915 982 3989 repugnat,
1007 3914 1088 3995 quod
