2566 4672
247 461 284 518 sit
309 459 491 538 adbibitum3
510 467 569 528 boe
599 472 694 531 solum
723 470 786 528 sine
814 471 877 528 ulla
897 472 1082 537 dubitatione
1102 476 1254 542 affirmari

245 589 343 650 posse,
364 592 517 656 nunquam
535 586 630 640 totam
642 577 829 660 peninsulam
843 577 907 640 boc
922 585 1042 645 nomine
1061 607 1127 648 esse
1147 591 1252 672 appel·

246 678 338 740 latam
360 679 398 759 9).

653 841 793 936 ·§.2.

345 1008 488 1076 Italiae
521 1030 657 1079 nomen
686 1031 762 1080 non
794 1007 839 1078 ab
866 1008 1128 1108 antiquissimis
1155 1016 1245 1091 iude

243 1135 466 1239 temporibus
505 1138 576 1216 toti
614 1149 746 1227 terrae,
786 1139 844 1210 eui
886 1165 984 1214 nune
1021 1144 1244 1236 attribuitur,

241 1268 476 1391 appellandae
509 1297 591 1347 esse
626 1252 853 1360 adhibitum,
870 1271 936 1346 sed
969 1276 1067 1373 parti
1100 1286 1270 1351 tuntum-

241 1405 319 1503 ejus
345 1413 384 1478 et
409 1404 444 1480 ei
471 1404 616 1506 quidem
642 1405 766 1494 fuisse,
793 1431 886 1506 quae
913 1405 1039 1482 eadem
1058 1417 1244 1485 Oenotria

241 1517 401 1614 vocitata
425 1540 483 1630 sit,
518 1541 716 1641 scriptores
746 1549 896 1617 veteres
928 1543 1124 1616 memoriae
1157 1562 1244 1644 pro-

241 1671 355 1747 ditum
393 1675 629 1775 reliquerunt,
694 1673 881 1775 Iidemque
933 1687 1100 1751 auctores
1144 1686 1242 1767 sunt,¹

164 1852 168 1857 -
239 1806 386 1906 utrique
411 1807 560 1897 nomini,
587 1808 856 1911 angustissimis
887 1807 1067 1910 principio
1103 1809 1249 1887 finibus.

238 1937 388 2028 incluso,
415 1939 549 2043 quippe
577 1942 677 2042 quod
710 1941 755 2017 ad
791 1965 870 2015 eam
903 1940 1016 2015 solam
1050 1943 1241 2043 regionem

235 2072 464 2173 pertinuerit,
492 2100 585 2174 quae
612 2081 763 2169 efreto
789 2076 917 2149 Siculo
944 2073 990 2148 ud
1006 2080 1242 2175 Napetinum

212 2212 357 2282 sinum
382 2218 491 2309 atque
518 2213 759 2310 Scylleticum
785 2208 1002 2311 porrigetur,
1028 2237 1112 2284 mox
1130 2182 1241 2289 letius
1272 2264 1278 2281 .

235 2349 425 2442 patentem
446 2342 519 2418 vim
538 2343 737 2444 subjectam
764 2352 802 2417 et
827 2341 872 2420 de
897 2341 995 2416 omni
1012 2331 1122 2436 terra,
1142 2372 1239 2446 quae

237 2501 258 2550 e
288 2481 451 2552 Torento
479 2485 517 2550 et
533 2481 662 2554 Silero
681 2472 790 2554 fluvio
817 2476 862 2550 in·
880 2476 1069 2567 meridiem
1095 2455 1239 2580 vergat,
1258 2454 1269 2481 ²

236 2609 272 2682 id
301 2620 358 2685 est
384 2610 428 2684 de
455 2610 562 2699 omni,
591 2639 699 2712 quam
728 2610 856 2715 populi
882 2618 1088 2687 Oenotriae
1114 2609 1238 2713 gentis

233 2745 432 2835 tenuerint,
448 2747 621 2846 usurpari.
633 2756 804 2848 coeptum
830 2773 911 2821 esse
944 2748 989 2838 ¹).
1024 2745 1158 2817 Postea
1176 2772 1240 2818 au-

233 2885 318 2965 tom,
333 2887 371 2951 et
388 2878 542 2980 primum
569 2880 715 2980 quidem
742 2880 838 2953 circa
864 2887 1040 2989 tempora¹
1056 2874 1235 2951 bellorum

231 3036 248 3084 a
282 3017 435 3110 Pyrrho
469 3013 507 3085 in
540 3019 663 3089 Italia
695 3021 891 3113 gestorum,
926 2994 1098 3080 ambitum
1132 3010 1237 3087 vocis

229 3144 343 3244 magis
382 3144 491 3219 etiam
530 3145 719 3220 adauctum
766 3139 991 3230 invenimus,
1031 3168 1231 3244 omnesque

232 3275 308 3352 sere
334 3275 546 3378 peninsulae
580 3288 714 3381 partes,
746 3300 838 3374 quae
864 3301 884 3346 a
908 3277 1035 3349 Tiberi
1060 3276 1098 3350 in
1124 3277 1233 3350 meri-

230 3404 327 3485 diem
358 3420 536 3513 spectant,
571 3411 643 3486 hoe
679 3408 828 3483 nomine
864 3410 1073 3518 appellatas.
1104 3451 1109 3458 ·
1139 3408 1231 3484 Mox

228 3545 376 3619 nomine
408 3544 515 3620 etiam
550 3547 836 3618 cum‘Etrnseis
871 3554 908 3615 et
945 3547 1107 3662 Umbris
1128 3568 1231 3615 eom-

226 3678 419 3770 municeto,
436 3654 506 3753 toti
523 3676 746 3780 peninsulne,
765 3702 857 3775 quae
876 3704 895 3749 a
915 3673 1228 3778 septentrionibus

223 3813 426 3908 Apennino
451 3821 575 3886 monte
599 3820 641 3885 et
665 3812 859 3888 Rubicone
885 3809 992 3886 ssuvio
1019 3807 1154 3898 finitur,
1172 3808 1226 3882 in-

146 3987 151 3994 ·
222 3941 335 4017 ditum
363 3930 431 4025 est.
483 3943 557 4045 Qui
576 3968 663 4020 usus
691 3943 786 4045 apud
803 3951 1039 4019 Romanosa
1089 3971 1224 4018 nevum
