2566 4672
596 278 875 367 ⁸950·-

236 469 328 532 rsguo
348 445 511 523 Pelasgico
534 422 670 510 tribuere
695 464 784 529 supra
808 446 868 525 jam
887 444 1023 506 vidimus.
1061 444 1138 507 Tum
1168 465 1237 508 eam

236 580 300 620 rem
318 576 378 617 non
400 556 488 634 parvi
512 560 660 631 momenti¹
683 575 747 617 esse
772 554 1023 629 existimaverim,
1050 556 1130 635 quod
1154 563 1236 617 teste

236 662 451 739 Strabom‘⁴⁸)
480 666 612 724 Larissa
639 663 710 723 urbs
739 663 771 720 in
799 662 920 721 sinistra
947 662 1043 720 Ponti
1070 683 1124 724 ora
1152 664 1233 724 haud

235 774 397 859 proculab
416 775 537 831 Haemo
559 777 661 833 monte
686 772 743 849 sita
768 776 841 831 erat.
861 801 899 814 -
917 769 1031 831 Verum
1057 773 1136 833 enim
1157 791 1233 834 vero

236 887 353 948 etiamsi
370 881 447 943 nihil
468 882 577 941 horum
600 879 743 939 traditum
768 870 863 951 esset,
890 885 992 939 tamen
1014 879 1151 937 Thraces
1169 880 1233 938 Pe-

234 997 339 1071 lasgos
356 993 447 1052 frrissc
466 989 541 1048 mibi
560 987 758 1048 certissimum
777 994 864 1047 esset.
903 987 1024 1047 Nemini
1043 993 1140 1066 enim,
1165 1009 1232 1052 mea

234 1103 356 1181 quidem
386 1095 551 1168 sententia,
581 1094 742 1154 obscurum
770 1113 835 1153 esse
863 1101 980 1174 potest,
1010 1100 1232 1177 antiquissimos

234 1207 387 1266 Graeciae
405 1208 437 1262 ct
459 1201 615 1258 Thraciae
640 1203 753 1261 incolas
777 1202 864 1262 unius
890 1203 1082 1283 ejusdemquo
1111 1210 1232 1286 generis

232 1313 331 1375 inisse.
368 1309 516 1390 Equidem
540 1311 598 1369 nisi
619 1309 678 1368 hoc
697 1315 878 1384 statuerem,
894 1311 1051 1390 profecto·
1064 1316 1232 1390 nescirem,

231 1423 284 1504 qui
311 1421 513 1503 explicarem,
544 1419 626 1498 quod
652 1437 713 1476 non
744 1418 841 1477 solum
869 1421 1018 1487 musices,
1050 1421 1105 1480 sed
1136 1423 1232 1482 etiam
1249 1424 1268 1455 ·'

232 1532 329 1593 omnis
353 1531 475 1591 omnino
500 1529 604 1586 cattas
627 1533 717 1606 atque
741 1524 952 1584 hamanitatis
979 1529 1065 1598 initia
1094 1529 1130 1589 ab
1155 1531 1229 1610 ipsis

215 1639 363 1701 'Graccis
387 1656 406 1700 a
427 1637 568 1696 Thracia
592 1642 787 1716 repetuntur,
812 1641 844 1694 et
869 1636 907 1694 ad
928 1636 1066 1693 Thraces
1090 1646 1228 1700 auctores

230 1732 411 1810 ieisruntur.
448 1746 565 1802 Pieriax
578 1745 745 1802 Musarum
769 1745 872 1817 sedes,
901 1745 953 1804 hie
980 1745 1147 1822 Olympus,
1176 1748 1227 1809 hic
1269 1828 1274 1834 ι

191 1938 193 1949 Ι
228 1856 357 1930 Pimpla
375 1855 458 1928 fons3
478 1855 560 1939 quin,
580 1870 657 1932 quae
675 1853 707 1911 in
726 1853 791 1931 ipsa
806 1853 942 1910 Graecia
954 1855 1121 1913 Musarum
1139 1858 1225 1916 sedes

145 2038 148 2045 μ
229 1960 350 2023 habitae
369 1967 449 2038 snut,
470 1979 488 2020 a
510 1960 701 2029 Thracibus,
723 1961 893 2020 Graeclam
910 1961 1123 2039 incolentibus,
1143 1965 1225 2024 dedi·

228 2072 314 2132 'oatae
340 2089 406 2130 esse
434 2070 603 2132 traduntur.
641 2071 758 2128 Mersici
782 2070 887 2149 primi,
915 2070 1071 2145 Orpheae,
1096 2073 1225 2131 Eremol-

223 2196 304 2256 pres,
323 2179 491 2249 Musaeus,
513 2179 699 2253 Thamyris,
718 2179 885 2257 iidemque,
910 2179 1045 2258 inprimis
1067 2179 1224 2256 Orpbeus,

227 2288 325 2350 omnis
349 2289 431 2348 vitae
458 2274 642 2348 humanioris
672 2287 802 2344 Graecis
830 2292 982 2361 auctores,
1014 2307 1054 2348 ex
1084 2288 1224 2349 Thracia

227 2395 347 2459 oriundi
369 2415 435 2457 osse
458 2396 655 2477 perhibentur
670 2393 727 2472 ⁴⁹).
766 2395 828 2454 sed
853 2393 929 2454 haec
952 2379 1109 2458 sufficiant.
1147 2399 1226 2460 Nem

226 2504 360 2568 uberiori
377 2524 439 2564 non
457 2524 532 2584 upns
551 2524 617 2591 esse
635 2505 813 2563 tractatione
831 2504 969 2562 existimo
988 2506 1026 2565 ad
1044 2509 1224 2586 persuaden-

227 2615 426 2695 dam,‹quam
444 2612 628 2693 probandam
652 2615 785 2693 suscepi,
810 2613 1004 2686 senteutiam,
1030 2635 1123 2693 quum
1147 2636 1224 2696 quas

225 2724 326 2783 modo·
341 2729 575 2784 commemorata
598 2728 682 2797 sunt,
707 2741 769 2781 non
782 2722 882 2789 ,modo
905 2720 988 2796 fieri,
1013 2725 1066 2783 sed
1084 2745 1124 2785 ne
1143 2727 1223 2807 eogi-

218 2830 302 2907 ,uno
320 2831 453 2910 quidem,
472 2830 553 2891 facta
571 2850 647 2906 esse,
666 2831 749 2908 nasci
767 2831 924 2910 potuisset,
942 2831 1001 2890 nisi
1018 2830 1105 2892 ambo
1117 2835 1223 2914 populi
1248 2908 1254 2925 ἱ

224 2937 392 2999 arctissimo
410 2940 576 3000 communis
594 2938 712 3021 liuguae
731 2957 768 3000 ac
790 2939 907 3018 generis
926 2940 1045 3000 vinculo
1070 2943 1222 3022 conjuncti

223 3044 358 3107 tuissent.

636 3191 701 3290 .,
735 3197 776 3268 9„

323 3351 367 3430 Si
388 3360 552 3433 Thraces
578 3367 722 3433 constat
748 3383 768 3432 e
793 3383 944 3432 numero
965 3365 1221 3460 Pelasgorum

219 3483 350 3578 fuisse,
375 3488 558 3589 sequitur,
582 3501 625 3565 ut
648 3516 775 3566 omnes
798 3492 916 3566 Asiae
933 3498 1098 3580 minoris,
1124 3523 1219 3597 quae

218 3628 381 3712 vocatur,
408 3626 565 3710 incolae,
591 3651 661 3724 qua
686 3623 726 3698 in
750 3623 977 3700 occidentem
1002 3627 1116 3702 solem
1135 3657 1219 3707 ver-

213 3750 288 3855 git,
319 3751 366 3827 ad
396 3756 548 3832 eandem
580 3768 728 3859 gentem
760 3758 836 3834 sint
865 3757 1070 3853 referendi,
1103 3790 1215 3864 quum

217 3879 275 3960 his
307 3886 475 3966 omuibus
513 3917 700 3967 commune
734 3919 815 3968 cum
851 3895 1059 3968 Thracibus
1097 3923 1215 3997 genus
