2566 4672
505 283 753 335 ..pv-

135 430 289 511 mirandi
305 430 450 509 modum
467 431 655 523 excedere,
682 456 789 534 quam
816 431 941 510 falsam
967 437 1002 510 ei
1027 434 1129 511 affin-

137 587 224 663 gere
251 560 394 636 laudem
424 560 513 637 mihi
538 559 700 651 viderer,
727 560 759 635 si
785 560 1063 652 contenderem,
1088 562 1132 637 il-

135 686 205 763 lius
235 686 420 763 laboribus
445 711 522 761 rem
548 687 599 760 ita
625 712 706 762 esse
733 687 952 778 absolutam,
983 699 1026 762 ut
1055 712 1131 763 om·

136 812 225 887 nino
261 813 377 889 omnis
414 810 613 911 quaerendi
652 838 695 887 ac
735 812 943 914 disputandi
978 813 1132 889 materia

139 938 243 1039 quasi
282 936 454 1011 exhausta
493 945 601 1012 esset
660 934 712 1012 Et
748 962 1018 1039 quemcunque,
1056 939 1130 1036 qui,

137 1061 252 1161 qualis
278 1060 383 1161 hujus
415 1061 619 1164 argumenti
642 1088 730 1139 vera
763 1063 813 1138 sit
844 1060 987 1137 indoles
1019 1070 1129 1161 atque

137 1194 275 1274 natura,
315 1196 549 1288 perspectum
586 1186 716 1279 habet,
749 1198 788 1263 et
823 1186 895 1263 hoc
926 1184 1018 1283 milri
1048 1210 1131 1262 esse

137 1306 368 1385 assensurum
399 1337 508 1413 spero
543 1322 582 1389 et
606 1338 881 1405 concessurum,
918 1312 1027 1387 unius
1051 1310 1134 1401 viri,

139 1436 303 1536 quamvis
339 1437 472 1513 mentis
504 1438 669 1514 acumine
702 1440 842 1541 pariter
874 1449 984 1539 atque
1016 1435 1136 1510 erudi-

139 1561 252 1638 tionis
297 1563 404 1666 copia
447 1564 765 1658 excellentissimi,
809 1590 921 1667 opera
947 1573 987 1637 et
1010 1562 1133 1635 labore

139 1686 235 1762 hanc
287 1689 541 1790 quaestionem
588 1690 635 1765 ad
684 1691 820 1765 exitum
865 1686 1016 1789 perduci
1056 1708 1132 1754 non

140 1838 261 1913 posse.
288 1856 340 1869 —
390 1812 483 1887 Illud
513 1825 634 1889 autem
659 1840 704 1887 eo
734 1811 846 1910 magis
873 1808 1019 1881 dubium
1042 1804 1133 1879 mihi

140 1937 302 2025 ridetur,
338 1961 410 2034 quo
439 1937 559 2013 minus
591 1962 650 2011 me
684 1943 722 2008 et
747 1935 792 2007 ab
818 1932 966 2034 ingenio
999 1929 1135 2005 instru-

141 2073 239 2135 ctum
255 2059 363 2137 video
390 2070 429 2135 et
445 2086 464 2133 a
483 2058 647 2151 scientia,
672 2085 759 2133 num
777 2081 845 2159 ego
862 2056 896 2131 is
921 2055 1000 2146 sim,
1027 2080 1136 2154 quem

142 2184 278 2286 aliquid
306 2186 525 2261 -etiamsi
560 2212 637 2262 non
668 2184 819 2259 multum
850 2180 982 2257 sit-
1012 2178 1138 2255 allatu·

140 2337 221 2383 rum
246 2336 328 2387 esse
354 2312 494 2414 sperari
516 2310 636 2414 possit
660 2310 706 2385 ad
731 2334 819 2398 rem,
845 2332 938 2407 quae
963 2313 1022 2379 tot
1046 2301 1139 2395 diffi-

142 2434 335 2511 cultatibus
368 2436 541 2540 implicita
572 2437 636 2527 sit,
669 2434 932 2537 explicandam,
971 2456 1138 2531 quaeque

143 2563 182 2636 in
198 2563 312 2638 tantis
328 2563 492 2639 tenebris
508 2573 687 2653 versetur,
714 2556 969 2635 illustrandam.
1020 2555 1139 2656 Cupio

146 2690 256 2786 igitur
280 2691 451 2781 virorum,
485 2715 601 2792 penes
628 2715 722 2789 quos
747 2687 875 2761 harum
901 2710 1022 2757 rerum
1048 2681 1140 2780 judi-

144 2813 240 2882 cium
274 2823 349 2900 est,
383 2816 578 2889 sententiis
613 2815 750 2887 certior
781 2810 876 2897 fieri,
908 2833 996 2877 num
1028 2816 1140 2878 mate-

145 2934 250 3021 riam,
283 2934 393 3021 meis,
426 2935 489 3029 qui
515 2936 650 3016 scribo,
687 2957 837 3027 aequam
877 2927 1015 3001 viribus
1046 2954 1140 3002 sum-

146 3057 295 3160 pserim,
329 3082 375 3129 an
401 3079 493 3125 onus
523 3051 761 3150 susceperim,
800 3051 857 3123 cui
891 3049 1042 3121 serendo
1076 3051 1139 3122 im-

146 3207 250 3284 pares
276 3179 361 3258 sint.
414 3175 477 3251 Sic
503 3176 598 3249 enim
616 3174 733 3249 habeo
759 3183 932 3246 statutum
958 3198 1039 3244 cum
1064 3173 1139 3243 ani-

146 3337 204 3383 mo
231 3316 340 3406 atque
367 3302 622 3389 deliberatum,
649 3296 863 3397 simulatque
889 3296 1020 3371 horum
1043 3298 1140 3373 viro-

147 3463 226 3511 rum
258 3429 437 3532 suffragiis
471 3426 617 3531 probari
656 3450 776 3499 meum
815 3424 978 3501 laborem
1008 3451 1141 3527 cogno-

150 3590 254 3651 vero,
288 3558 358 3634 toti
390 3555 493 3659 operi
519 3552 741 3657 perficiendo
773 3578 900 3629 manus
933 3552 1140 3633 admovere;

149 3687 205 3757 sin
231 3688 360 3774 minus,
386 3686 528 3784 abjecto
555 3709 685 3771 onere,
711 3680 810 3783 quod
841 3678 938 3752 serre
970 3681 1142 3745 recusent

150 3808 306 3895 humeri,
334 3809 429 3881 aliud
455 3810 500 3882 iis
518 3810 716 3907 imponere,
743 3802 840 3903 quod
856 3797 1009 3879 valcant,
1036 3792 1141 3866 omis·

151 3954 263 4025 soque
295 3931 436 4017 labore,
477 3958 586 4030 quem
618 3958 686 4003 noc
719 3926 797 4000 aliis
830 3915 1039 4005 utilitatem,
1071 3944 1140 3992 noc
