2566 4672
111 456 171 533 uis
202 479 304 530 meae
334 478 421 565 pars
452 464 532 533 tota
563 457 763 538 corrueret.
814 454 877 550 At,
891 485 1108 568 quanquam

111 607 200 659 vere
225 579 273 656 de
304 606 364 657 me
377 602 380 607 ·
395 580 604 686 praedicare
638 607 805 685 possum,
830 611 889 663 me
916 615 961 665 eo
988 593 1108 670 animo

48 718 51 724 '
108 706 157 783 ad
179 707 351 787 iteratam
374 707 458 784 libri
482 707 680 784 lectionem
705 711 924 806 accessisse,
949 725 993 791 ut
1015 717 1109 792 nihil

107 831 325 928 dubitarem,
347 832 545 910 adecretis
560 833 655 909 meis
669 834 794 936 potius
809 836 976 932 deficere,
1002 867 1110 942 quam

108 987 130 1035 a
155 960 328 1050 veritate,
355 967 479 1035 umen
511 984 573 1035 res
604 962 881 1053 sormaverit,
911 972 1023 1064 atque
1048 993 1110 1042 ex-

49 1135 52 1149 ·
90 1093 366 1186 spectaveram.
416 1080 512 1160 Nam
542 1108 615 1184 quo
647 1083 857 1187 diligentius
887 1088 1107 1193 sententiam
1137 1150 1140 1158 .

105 1208 683 1315 Muellerienamexplorarem,
719 1235 764 1288 eo
795 1210 912 1313 magis
950 1239 972 1287 a
1013 1238 1104 1291 vero

106 1334 260 1409 alienam
298 1359 379 1411 esse
418 1333 509 1410 mihi
545 1333 720 1437 persuasi.
783 1334 911 1439 ltaque
950 1337 1106 1440 primum

58 1442 61 1447 ¹
106 1460 225 1541 visum
248 1458 339 1535 mihi
364 1470 432 1551 est,
458 1458 544 1536 huic
569 1459 693 1536 libello
720 1461 936 1564 epimetrum
961 1461 1106 1554 addere,

107 1562 182 1693 qud
208 1597 247 1664 et
271 1585 368 1660 illam
398 1585 567 1662 refellere
600 1597 638 1662 et
671 1612 789 1662 meam
819 1586 980 1689 uberius·
994 1613 1106 1690 expo·

46 1810 50 1817 .
106 1740 216 1811 nere,
247 1711 522 1814 expositamque
555 1712 663 1792 novis
693 1711 915 1814 argumentis
940 1711 1105 1788 stabilire

83 1841 339 1942 susciperem.
391 1837 487 1915 Tum
508 1856 760 1938 ¹vero,3quum
789 1837 917 1933 morbo
943 1837 1104 1940 graviori

107 1964 321 2068 implicitus,
358 1963 439 2038 fieri
462 1989 538 2037 non
564 1988 675 2064 posse
699 1961 959 2065 intelligerem,
990 1971 1032 2037 ut
1057 1961 1104 2036 ad

48 2106 55 2119 ‘
106 2091 145 2167 id
177 2101 338 2192 tempus,
368 2113 440 2189 quo
471 2087 614 2163 libellus
638 2086 738 2188 typis
764 2087 967 2189 exscriptus
994 2073 1105 2176 esset,

102 2216 358 2323 quaestionem
384 2213 629 2308 absolverem,
659 2222 795 2287 mutata
821 2202 1022 2302 sententia,
1049 2237 1105 2286 ar-

107 2346 317 2448 gementum
354 2339 425 2414 hoc
471 2336 645 2439 singulari
690 2337 845 2440 scripto,
889 2334 1104 2440 propediem

108 2466 263 2562 edendo,
278 2463 458 2567 explicare
472 2462 568 2564 apud
581 2462 738 2539 animum
751 2462 935 2544 constitui.
976 2461 1102 2565 Quare

104 2621 182 2672 non
222 2592 347 2693 iniqua
380 2616 438 2664 me
472 2598 601 2690 petere
639 2586 825 2687 existimo,
874 2589 908 2664 si
941 2588 1100 2664 lectores

105 2747 214 2822 rogo,
249 2727 291 2791 ut
322 2744 369 2791 ne
404 2714 521 2818 prius,
561 2739 669 2814 quam
705 2713 776 2790 hoe
812 2714 986 2816 legerint,
1020 2740 1103 2789 sen·

104 2846 257 2923 tentiam
279 2830 310 2915 'a
340 2867 398 2915 me
432 2840 471 2913 in
502 2839 660 2914 medium
693 2838 887 2940 prolatam,
918 2849 1102 2936 tamquam

105 2979 365 3055 commentum,
389 2961 498 3066 'quod
522 2964 619 3038 nulla
648 2961 797 3064 dignum
822 2959 871 3034 sit
896 2960 1101 3038 considera-

105 3100 218 3189 tione,
243 3092 420 3195 rejiciant.
453 3129 504 3144 -

205 3219 356 3309 valete,
393 3216 570 3293 Lectores
608 3209 797 3296 benevoli,
829 3207 992 3306 meisque
1024 3216 1097 3282 stu·

109 3349 177 3424 diis
203 3343 339 3422 lavete!
