2566 4672
480 1090 716 1232 Caput
766 1093 803 1193 l.

169 1307 221 1372 De
243 1306 341 1373 variis
364 1316 478 1387 torrae,
501 1329 586 1395 quae
608 1314 723 1396 postea
746 1304 838 1371 ltalia
861 1308 1023 1397 appellata
1046 1319 1106 1390 est,

268 1425 270 1429 ’
542 1423 737 1490 nominibus.

589 1617 617 1713 b.
657 1625 689 1694 1.

139 1753 314 1907 Italiae,
342 1843 434 1917 quae
462 1842 561 1892 nunc
587 1815 732 1910 dicitur,
764 1841 884 1918 neque
910 1815 1137 1918 hocnequo

137 1953 249 2026 ullum
275 1951 372 2025 aliud
397 1976 598 2040 commune,
633 1977 707 2052 quo
740 1959 819 2026 tota
850 1960 949 2026 terra
982 1952 1138 2053 appella-

137 2097 251 2177 retur,
280 2085 482 2184 antiquitus
500 2084 612 2158 luisse
631 2111 766 2164 nomen
784 2083 873 2159 satis
890 2083 1036 2159 videtur
1053 2114 1139 2161 con·

137 2232 246 2302 stare,
299 2218 394 2294 Nam
422 2245 515 2319 quac
548 2218 749 2294 afferuntur
778 2217 893 2293 totius
924 2229 1045 2294 terrae
1073 2248 1138 2296 no·

136 2357 242 2444 mina,
271 2380 314 2427 ea
345 2350 414 2441 vel,
446 2360 497 2440 ut,
530 2351 690 2451 antiquis
723 2351 870 2453 quidem
900 2349 1136 2455 temporibus,

137 2490 259 2590 ipsum
284 2491 428 2561 Italiae
454 2510 599 2575 nomeu,
624 2483 671 2558 ad
696 2484 857 2584 singulas
890 2493 1032 2559 tantum
1063 2497 1137 2560 ter-

139 2645 202 2694 rae
229 2627 354 2720 partes
379 2615 612 2716 pertinuisse,
636 2615 697 2693 vel
722 2616 886 2717 poeticas
911 2617 992 2695 nevi
1016 2628 1139 2719 poste·

138 2751 248 2828 rioris
275 2749 538 2851 appellationes
566 2772 648 2822 esse
680 2746 922 2825 demonstrari
946 2760 1078 2852 potest.

215 3118 351 3192 Terram,
372 3117 421 3177 cui
434 3124 540 3198 postca
560 3119 749 3192 aillonreuis,
764 3139 822 3196 quo
834 3119 1004 3178 etiamnunc
1016 3122 1137 3192 utimur,

139 3227 242 3287 Italia
267 3247 378 3286 nomen
402 3226 534 3306 positum
558 3232 620 3301 est,
646 3225 718 3287 licet
737 3226 774 3286 ab
795 3228 859 3307 ipsa
884 3235 1007 3302 natura,
1027 3229 1137 3306 quippe

140 3335 270 3414 undique
289 3342 410 3414 praeter
430 3354 480 3393 cas
500 3339 618 3413 partes,
639 3353 713 3413 quas
733 3335 830 3409 Alpes
849 3353 869 3395 a
885 3335 1001 3415 reliqna
1019 3335 1139 3414 Europa

140 3443 293 3515 dividunt,
319 3443 394 3501 mari
418 3442 614 3516 circumfusa,
641 3443 679 3501 nd
703 3443 790 3502 unius
816 3445 900 3523 quasi
920 3444 1054 3523 eorporis
1073 3462 1139 3520 rpe-

137 3555 216 3614 ciem
241 3553 400 3630 conjuncta
427 3552 481 3623 sit,
514 3557 616 3610 tamen
641 3571 701 3610 non
732 3571 807 3624 uno,
833 3553 914 3630 quod
943 3550 1046 3609 omncs
1077 3549 1140 3626 ejus

136 3668 239 3742 partes
264 3659 531 3740 complecteretur,
558 3640 680 3719 nomine
711 3660 924 3738 antiquissimis
954 3658 1139 3736 temporibus

137 3791 203 3832 esse
227 3769 429 3850 appellatam,
458 3762 529 3826 s'ane
548 3788 610 3826 non
629 3774 690 3840 est,
711 3767 792 3846 quotl
812 3766 944 3840 mireris,
964 3767 990 3824 ei
1008 3774 1139 3847 reputer,

136 3879 264 3961 populos
289 3880 326 3938 iis
359 3878 432 3957 ipsis
459 3861 644 3955 temporibus
672 3895 738 3934 enm
760 3875 936 3962 incoluisse,
962 3876 1030 3955 qui,
1049 3898 1139 3958 quum

802 3982 843 4041 10
