2566 4672
258 789 264 797 ’
365 862 921 969 PRAEFATIO.

136 1128 186 1246 Ρ
187 1173 314 1263 lacuit,
356 1172 467 1247 hasce
512 1172 673 1273 pagellas
715 1172 830 1247 totius
868 1172 993 1273 operis
1035 1172 1140 1272 quasi

136 1298 374 1401 praenuntias
400 1308 514 1397 atque
544 1297 732 1398 specimen
763 1296 944 1399 quoddam
969 1295 1141 1399 praemit·

136 1436 237 1511 tere,
270 1434 314 1496 ut
347 1435 397 1512 et,
427 1422 517 1523 quid
548 1421 594 1493 de
627 1421 797 1497 instituto
829 1448 913 1499 meo
937 1422 1141 1523 judicarent

140 1547 212 1622 viri
245 1546 367 1635 docti,
394 1570 666 1645 cognoscerem,
697 1554 747 1633 et,
770 1572 857 1619 num
883 1546 1063 1647 probabili
1088 1572 1143 1617 ra·

137 1672 239 1744 tione
274 1672 314 1742 in
355 1668 529 1757 consilio,
564 1666 663 1767 quod
692 1666 777 1759 inii,
811 1670 1063 1770 exsequendo.
1095 1694 1142 1743 ex

138 1822 264 1868 eorum
317 1793 508 1869 sententia
557 1803 726 1869 versatus
768 1820 905 1883 essem,
957 1794 1143 1871 edocerer.

138 1919 357 2018 Quanquam
391 1917 491 2017 quod
528 1916 575 1989 ad
606 1916 813 1993 institutum
854 1920 973 2019 ipsum
1006 1918 1141 1992 attinet

139 2044 202 2116 vix
229 2043 377 2132 dubito,
403 2042 494 2143 quin
517 2042 678 2115 futurum
702 2040 769 2131 sit,
793 2052 836 2115 ut
864 2042 955 2117 viris
985 2044 1143 2143 antiqui·

135 2170 224 2243 tatis
268 2166 450 2242 studiosis
492 2165 589 2239 baad
639 2166 877 2267 improbetur.
945 2168 1141 2243 Neminem

138 2295 235 2367 enim
259 2292 365 2366 facile
383 2292 572 2367 inventum
591 2290 639 2364 iri
656 2293 836 2383 existimo,
854 2293 918 2393 qui
935 2296 1142 2367 Niehulrrii

135 2421 256 2492 fautor
297 2428 373 2490 tam
406 2417 533 2516 inepte
559 2417 625 2505 sit,
655 2426 698 2491 ut
728 2418 895 2517 queraris
926 2429 1006 2493 acta
1032 2446 1142 2511 agere

138 2545 247 2627 dicat,
275 2540 339 2637 qui
364 2550 452 2639 post
475 2540 647 2625 laborem,
674 2568 783 2637 quem
807 2542 878 2615 t'ir
897 2542 957 2613 ille
983 2568 1141 2617 summus

140 2668 180 2738 in
206 2664 278 2736 hoc
305 2671 521 2762 argumento
547 2662 739 2737 tractando
764 2675 876 2764 atque
911 2667 1142 2741 retractando

137 2788 377 2888 consumpsit,
407 2786 446 2858 in
474 2786 601 2860 eadem
620 2814 660 2861 re
679 2814 827 2889 operam
844 2790 1020 2863 collocare
1040 2791 1142 2866 insti·

135 2926 223 2988 tuat.
251 2914 347 2988 Sunt
360 2910 444 2983 illae
458 2914 748 2986 Medaba-ianae
761 2913 1026 3013 disputationes
1040 2942 1142 3015 egre·

137 3043 218 3141 gine
246 3049 355 3137 atque
382 3036 482 3109 omui
509 3035 616 3109 lande
634 3035 884 3137 dignissimae:
921 3039 1084 3113 concedo
1102 3050 1142 3115 et

136 3194 181 3238 ex
202 3163 310 3237 animi
326 3161 513 3236 sententia
532 3160 707 3236 concedo.
734 3161 829 3235 Nam
847 3188 954 3237 nemo
975 3192 1067 3239 uuus
1086 3192 1143 3241 ure

103 3272 111 3284 κ
138 3290 250 3386 magis
264 3288 430 3360 admirari
447 3296 574 3387 potest
586 3286 669 3361 Viri
687 3287 783 3362 itlius
801 3288 860 3362 rel
881 3289 1067 3385 ingenium
1093 3292 1146 3363 di·

137 3410 571 3511 r·i11u1n,velsingula1·eru
584 3422 621 3485 et
634 3412 744 3512 plane
757 3414 925 3487 eximiam
937 3414 1154 3505 doctrinam,

135 3561 270 3636 meque
289 3533 434 3634 longius
461 3536 601 3625 abesse,
631 3549 683 3626 nt,
709 3564 817 3637 quam
842 3566 954 3636 ‹prrrrm
979 3538 1149 3613 oumibus

135 3658 406 3735 immortalibus
421 3659 498 3733 suis
514 3661 673 3760 scriptis,
700 3672 779 3737 tum
797 3690 889 3736 vcro
916 3662 986 3735 bae
1003 3662 1050 3733 de
1069 3668 1151 3735 Ita-

140 3793 197 3861 lia
225 3791 390 3884 antiqua
410 3786 723 3859 'commentatione
748 3789 904 3859 meritus
930 3796 999 3871 cst,
1028 3812 1150 3858 rcram

140 3910 286 3986 laudem
318 3908 372 3983 illi
407 3908 589 3989 detrahat.
641 3912 820 3987 Attamen
847 3938 924 3984 non
951 3910 1070 3983 miuus
1094 3910 1155 3983 ad-
