2566 4672
541 255 815 327 ..55-

171 427 255 505 gineo
276 425 463 484 adulterum
481 422 665 495 referantur,
685 440 897 504 saepenumero
915 426 958 484 nit
977 426 1033 485 nisi
1052 423 1170 505 generis

170 536 418 594 communitatem
442 531 635 612 significatum
660 551 726 591 ease
751 552 841 611 aupru
859 533 1092 594 demonstratum
1110 534 1167 607 ait,

169 648 236 700 tom
260 663 333 703 vero
358 642 401 702 ibi
425 640 482 700 hoe
507 639 606 701 laeum
625 638 737 700 habere
756 641 985 703 existimandum
1011 643 1085 717 erit,
1112 639 1165 703 nbi

166 751 338 810 eorrtrariae
358 757 427 810 sunt
444 749 628 809 narrationes
647 749 740 823 istae,
765 749 808 809 ita
832 757 867 811 ut
891 751 986 811 altera
1003 749 1053 810 irie
1072 770 1162 831 popu·

151 858 214 924 ¹lus
234 859 271 919 ab
290 860 359 933 ino,
383 858 476 918 altere
495 858 547 917 illa
565 857 602 916 ab
620 855 679 917 hoe
698 857 844 937 originem
862 861 990 919 tronione
1008 859 1164 940 perhibeo·

164 972 222 1026 tur.
266 967 344 1026 Illud
372 972 474 1027 autem
502 985 562 1045 quo
593 963 789 1025 confidentius
818 985 1043 1042 asseveremus,
1076 968 1164 1025 aaa·

164 1076 340 1155 cognatione
365 1077 499 1156 attigisse
524 1075 587 1133 sive
610 1076 749 1131 Paeones
772 1075 835 1134 sive
866 1074 1019 1145 furaces,
1049 1093 1161 1157 operae

161 1183 292 1264 pretinm
311 1186 385 1260 erit,
411 1184 469 1243 ulia
487 1182 647 1263 quaedam,
672 1181 777 1261 quibus
801 1186 951 1246 sententia
975 1184 1050 1245 haee
1073 1170 1167 1263 qaad'

162 1291 320 1368 inieiatnr,
350 1294 468 1353 afferre.
511 1290 603 1371 Apud
629 1289 810 1349 Strabonem
825 1293 875 1369 ²⁰)
907 1294 1001 1355 multa
1028 1295 1157 1353 normna

113 1407 117 1411 '
163 1400 291 1461 collecta
313 1402 465 1476 invenies,
490 1419 567 1479 quae
590 1396 763 1458 Thraeibar
782 1407 814 1460 et
835 1402 962 1461 Troibaa
988 1402 1156 1463 eommunia

164 1514 268 1583 erant3
293 1516 324 1570 et
346 1529 452 1590 quum,
479 1508 598 1568 etiamsi
619 1509 734 1566 Troum
758 1528 793 1570 ae
812 1510 1035 1569 Dardanorum
1062 1511 1156 1571 uomi-

160 1637 234 1677 num
247 1636 305 1677 non
315 1618 405 1700 plane
423 1617 549 1681 eandem
568 1616 630 1678 vim
647 1615 740 1677 tuine
758 1622 881 1696 statuae,
900 1621 932 1681 id
946 1627 1057 1695 umen,
1072 1621 1156 1677 Dar-

158 1723 256 1783 danae
271 1725 401 1799 Imjani
411 1727 516 1808 populi
528 1733 646 1807 partem
665 1726 768 1802 indue,
780 1748 835 1808 pro
849 1729 1006 1811 explorato
1018 1729 1156 1791 videatur

157 1852 223 1894 eoae
248 1834 433 1913 habendum,
461 1855 522 1895 non
547 1854 565 1895 a
589 1855 623 1896 re
648 1835 713 1897 iore
738 1837 894 1914 existimo,
919 1837 1078 1901 Lecturam
1104 1838 1153 1899 ad·

155 1943 325 2019 monuisse,
356 1945 391 2004 in
419 1945 584 2020 montania,
616 1965 693 2024 quae
724 1945 926 2007 Macedoniae
958 1954 990 2010 et
1019 1947 1152 2007 Marem

153 2053 304 2125 superiori
321 2052 526 2132 interjacent,
545 2055 715 2134 regionibus
727 2054 875 2120 habitatae
887 2058 1041 2142 populum,
1060 2078 1150 2138 quem

154 2159 287 2234 Graecis
304 2153 526 2246 Δαρδανίους,
548 2162 674 2221 Latinio
697 2164 785 2246 vulgo
804 2168 972 2226 Dardanae
997 2167 1150 2247 appellare

150 2269 244 2330 morio
263 2277 360 2347 esset3
380 2291 470 2352 qnam
489 2271 609 2350 qnidam
627 2291 689 2333 nou
707 2292 772 2333 oum
790 2274 908 2334 aeseiuo
926 2274 1066 2348 Illyria-ia
1083 2273 1148 2331 tere

150 2378 340 2440 adnumerari
363 2380 548 2453 nationibus,
579 2380 632 2439 aed
656 2399 760 2440 verum
788 2382 898 2442 vidisse
925 2381 999 2441 mihi
1026 2380 1145 2451 videor,

149 2488 203 2566 qui
219 2489 254 2547 in
270 2487 476 2547 Paeoniorum
493 2487 687 2570 populorum,
711 2490 747 2547 ab
767 2490 906 2565 Illyriis,
925 2489 957 2546 in
976 2487 1148 2544 Paeoniam

150 2570 427 2677 prorumpentibus,
459 2597 493 2656 in
522 2605 677 2657 montanas
711 2597 783 2655 istas
807 2595 949 2673 -regiones
977 2593 1144 2672 pulsorum,

146 2724 272 2765 numero
288 2680 479 2788 reponendos
498 2727 563 2766 esse
583 2722 721 2764 censeam
733 2699 792 2778 ²¹).
830 2700 935 2780 Neque
953 2706 1144 2782 praetereun-

145 2811 220 2873 dum
237 2820 298 2889 eat,
318 2816 550 2894 quodomnium
569 2823 706 2876 veterum
725 2812 905 2892 scriptorum
927 2830 1071 2870 consensu
1091 2809 1141 2871 do·

145 2929 248 2998 eatur,
266 2923 458 2981 Dardanum
476 2945 516 2984 ex
534 2921 752 2992 Samothrace,
776 2940 865 3000 quarn
884 2920 1009 2981 insulam
1027 2921 1139 2982 incolae

143 3031 325 3109 Pelasgicon
343 3033 393 3093 vel
414 3032 564 3090 Thraciae
581 3031 719 3091 habuisse
739 3039 771 3093 et
788 3051 945 3089 sacrorum
956 3031 1139 3108 Pelasgico-

143 3161 214 3198 rum
232 3140 335 3201 aedem
353 3142 526 3222 primariam
544 3140 635 3200 fuisse
650 3137 714 3216 2³),
739 3142 771 3201 in
790 3141 933 3203 centania
953 3147 1015 3216 est,
1041 3148 1134 3204 irmu-

140 3248 257 3309 misiaae
275 3250 308 3308 in
321 3248 442 3313 Asiam.
479 3249 519 3310 Et
536 3250 609 3310 lieet
620 3249 788 3325 Dionysiae
801 3251 861 3325 ²⁴),
881 3271 940 3330 quo
959 3252 1137 3311 sententiam

140 3375 226 3417 snam
245 3357 283 3417 de
306 3359 438 3429 Tau'ana'
462 3358 564 3440 populi
583 3354 699 3439 origine
716 3360 883 3418 Helleniaa
901 3359 1026 3440 probet,
1045 3362 1134 3417 Dar-

137 3464 259 3522 danum
270 3485 331 3524 nou
344 3468 512 3546 indigenam
525 3466 738 3524 Samothraces
750 3469 851 3544 fuisse,
870 3469 924 3529 sed
940 3486 979 3526 ex
992 3462 1134 3523 Arcadia

136 3573 212 3633 illua
230 3574 348 3635 venisse
367 3574 488 3650 referat,
508 3576 565 3635 hae
584 3577 648 3656 ipsa
667 3595 701 3634 re
720 3596 775 3655 pro
795 3580 968 3654 argumento
988 3571 1132 3641 utilium,

136 3682 314 3760 Pelasgum
333 3704 401 3744 eum
419 3685 527 3757 fnisse,
547 3684 616 3761 quia
635 3682 757 3743 dubium
772 3701 893 3764 prorsus
907 3685 1043 3752 nonest,
1062 3677 1134 3756 quin

125 3792 306 3872 ‘Dionysiae
330 3795 389 3854 hoe
414 3796 513 3875 ipsum
537 3790 704 3870 significare
728 3788 933 3863 voiue1·it²⁵).
971 3785 1035 3847 Neo
1055 3784 1135 3845 alind

135 3901 298 3981 quidquam
310 3904 478 3964 declaratur
492 3920 538 3973 eo,
553 3898 632 3977 qnod
646 3898 725 3973 idern
744 3897 905 3967 Dionysias
919 3895 965 3972 ²⁶)
984 3890 1135 3953 Teucrum
