2566 4672
425 255 701 329 ..13-

64 429 195 500 tradunt,
218 446 306 507 qnam
327 427 376 504 qui
398 429 494 484 Doroa
515 443 531 484 a
552 428 635 483 Doro
658 423 797 504 quodam,
816 425 1005 485 Acarnanes
1023 427 1061 487 ab

64 540 237 594 Acarnan-e
257 542 340 594 ortos
360 536 407 596 vet
429 536 533 594 saltem
555 533 720 614 appellatos
740 554 805 595 esse
824 534 940 595 docent.
978 534 1062 597 Ilaec

64 653 165 706 antem
189 648 232 704 ita
256 646 381 725 intelligi
407 645 509 717 nolim,
536 651 569 703 nt
596 644 797 703 narrationem
822 643 859 705 de
883 644 969 705 Italo
991 665 1063 726 rege

64 775 119 833 pro
140 773 223 812 mero
245 753 432 811 Graecorum
450 761 620 813 commento
640 752 751 813 habere
773 751 937 815 existimer.
974 753 1062 835 Equi·

67 864 134 921 dem
154 862 212 921 hoe
230 869 345 921 tantum
366 862 450 921 abest
474 868 509 923 ut
528 861 744 936 contenderim,
765 866 799 920 ut
817 862 1075 937 verisimillimum,

67 971 139 1030 mihi
164 971 310 1044 videatur,
337 971 490 1052 indigenas
515 972 595 1052 ipsos
615 970 736 1028 Italum
756 971 904 1050 quendam
923 972 986 1033 sive
1005 974 1066 1033 Vr-

64 1080 166 1137 talnm
184 1082 246 1140 sive
266 1081 429 1140 Vitellium
446 1081 564 1161 generis
583 1086 736 1142 auctorem
755 1078 891 1141 coluisse.
917 1079 983 1142 Iloe
1001 1088 1065 1142 tau·

65 1195 130 1249 tum
150 1189 227 1262 dieo,
247 1190 343 1269 ipsam
362 1210 427 1250 rem
448 1192 566 1270 dignam
585 1210 645 1249 non
659 1209 734 1262 esso,
756 1190 803 1248 eui
815 1189 890 1249 sides
909 1188 1064 1266 habeatur,

65 1318 122 1358 nee
142 1297 179 1358 de
199 1299 313 1378 origine
333 1300 462 1359 nominis
478 1301 637 1379 quiequam
657 1298 732 1358 certi
752 1298 895 1357 aiiirmari
914 1318 1012 1378 posse,
1033 1305 1067 1357 et

67 1414 225 1485 praeterea
243 1406 303 1467 hoe
323 1409 504 1487 negaverim,
524 1409 649 1466 remita
674 1426 706 1466 se
731 1405 853 1480 habere,
878 1413 912 1466 ut
936 1407 972 1466 ab
992 1407 1065 1464 An-

70 1513 168 1568 n'oelro
187 1514 346 1588 reseratur,
367 1517 450 1594 eujus
471 1515 648 1574 sententiam
669 1533 758 1593 supra
777 1513 870 1573 habes
890 1516 1066 1594 expositam.

70 1621 136 1680 Non
158 1622 254 1680 solum
274 1624 353 1682 enim
368 1623 578 1683 affirmaverim
597 1623 732 1681 nomina:
752 1623 883 1690 „Italus
896 1629 928 1682 et
938 1623 1065 1683 Italia“

70 1751 134 1788 esse
162 1731 341 1809 antiquiora,
362 1752 464 1811 quum:
485 1732 664 1800 „Oenotriae
683 1736 715 1790 et
741 1728 929 1802 Oenotria&
954 1731 1008 1793 sed
1032 1753 1069 1794 eo

68 1859 162 1918 usqne
182 1840 323 1919 progredi
342 1860 403 1899 non
423 1840 537 1914 dubito,
556 1847 590 1899 ut
610 1839 685 1900 haee
703 1840 824 1899 nomina
843 1840 899 1901 sibi
919 1848 951 1901 et
969 1847 1069 1903 terrae

70 1968 87 2007 a
107 1969 140 2008 se
158 1948 309 2009 habitatae
323 1950 472 2024 populum
490 1951 590 2024 r‘psum
609 1968 781 2028 numquam,
801 1949 855 2009 sed
872 1951 947 2007 solos
965 1953 1065 2009 Grae·

69 2079 117 2114 eos
135 2059 254 2136 utrique
274 2059 442 2118 attribuisse
470 2058 499 2133 ²)
519 2058 708 2132 contendam,
720 2057 780 2133 vel,
800 2059 824 2118 si
836 2059 1007 2134 concedam,
1016 2080 1069 2142 po-

70 2168 173 2246 pulum
182 2168 275 2246 ipsum
284 2168 330 2226 his
342 2168 509 2228 nominibus
520 2189 607 2227 usum
613 2187 689 2243 esse,
703 2187 789 2228 usum
796 2187 861 2231 esse
873 2169 1071 2228 iisaGrnecr'a

71 2277 211 2355 acropus.
250 2254 405 2336 lineum
424 2279 584 2336 -Jrann
604 2285 635 2361 er
655 2277 757 2336 rrarra
776 2309 814 2322 -
832 2277 882 2339 vd
902 2278 1017 2353 eadem,
1037 2282 1069 2339 ur
1131 2272 1141 2291 ‘

71 2407 142 2444 mox
160 2385 337 2459 videbimus,
359 2387 475 2446 diverso
496 2380 625 2466 quodam
637 2387 728 2446 modo
747 2387 884 2460 formata,
903 2386 1073 2444 vernaculo

73 2495 236 2572 eademque
256 2495 472 2569 antiquissima
493 2496 584 2554 fnisse
603 2515 660 2554 ueo
681 2494 777 2553 solum
793 2494 1006 2561 Oerrotrornm,
1021 2493 1072 2573 qai

75 2620 92 2658 a
126 2602 255 2658 Graecia
284 2601 433 2674 dicuntur,
472 2602 525 2659 sed
561 2603 653 2660 etiam
685 2599 926 2675 Tyrrhenorum,
956 2601 1007 2678 qrri
1036 2599 1074 2663 air
1131 2652 1134 2657 .

75 2708 181 2765 iisdem
206 2714 362 2781 vocantur,
386 2709 644 2786 persuasissimum
674 2708 748 2767 mihi
775 2714 832 2769 est.
876 2707 980 2788 ltaque
1011 2709 1074 2785 sia

73 2836 220 2875 veronen
240 2816 369 2875 alienam
389 2836 454 2875 esse
474 2817 551 2875 hane
565 2816 745 2875 sententiam
764 2817 877 2896 poterit
889 2816 1074 2896 persuaderi,

74 2926 232 2997 efficietur,
272 2932 316 2998 ut,
355 2944 446 3003 quum
480 2925 556 2983 iufra
595 2925 850 3003 demonstraturus
879 2925 954 3003 sim,
983 2927 1074 2991 maris

75 3033 232 3108 Tyrrheni
250 3053 344 3104 oram,
366 3053 441 3112 quae
462 3032 497 3091 ab
516 3034 607 3091 Arno
632 3032 670 3093 ad
689 3032 827 3090 hilarum
851 3055 946 3115 usque
977 3035 1072 3115 porri-

73 3143 162 3222 gitur,
188 3143 263 3200 item
286 3144 424 3218 regiones
442 3141 629 3216 peninsulae
660 3140 899 3202 mediterraneae
930 3145 1072 3225 populum

76 3271 144 3308 oum
172 3252 315 3326 tenuisse,
348 3271 437 3329 quem
463 3251 593 3307 Graecis
620 3248 794 3325 Tyrrhenos
824 3255 958 3313 roeitare
983 3253 1074 3315 moris

76 3467 175 3545 prium
194 3467 286 3525 fuerit
303 3488 363 3526 non
382 3487 493 3547 parvae
514 3468 576 3547 ejus
595 3475 695 3526 terrae
709 3469 813 3546 partis,
827 3469 875 3526 eui
894 3468 951 3527 toti
970 3471 1077 3548 postea

75 3575 188 3634 suetum
208 3581 263 3637 est.
302 3575 360 3656 Ad
377 3575 631 3657 comprobandam
654 3575 736 3633 illam
761 3576 941 3634 sententiam
965 3578 1075 3649 autem,

74 3684 133 3743 hoe
150 3683 229 3758 loeo,
251 3705 350 3764 quum,
371 3686 451 3764 quod
470 3685 547 3746 infra
561 3683 792 3745 demonstraturi
810 3682 911 3755 simus,
933 3680 1077 3741 Oenotroe

75 3800 107 3852 et
129 3791 304 3868 Tyrrhenos
322 3793 360 3853 ad
381 3812 470 3853 unam
482 3803 625 3870 gentem,
644 3791 861 3866 Pelaagr'eam,
886 3789 1075 3870 pertinuisse,

73 3899 124 3959 hie
153 3921 270 3960 sumere
299 3901 399 3977 liceat,
430 3901 610 3981 argumentis
638 3897 753 3958 idoneis
779 3897 926 3959 efficiatur
954 3918 1076 3975 neeesse
