2566 4672
516 300 791 371 ..37-

148 468 294 526 Atticam
313 466 475 549 coningere
488 473 662 548 coegerunt,
681 467 902 550 praeterirem,
915 488 1003 551 quem
1023 470 1150 529 Achaei

147 583 381 659 occupaverant,
399 576 552 658 regionem
571 583 604 638 et
622 576 815 648 Aeaeam,
835 597 953 638 omnem
972 576 1028 639 sibi
1047 579 1146 660 subje-

148 693 258 747 cerunt
282 692 405 749 terram.
443 686 613 767 Quumque,
633 705 709 767 quos
728 706 790 747 uon
809 688 960 767 eiseeraut
978 707 1015 747 ex
1034 706 1148 766 posses·

148 794 284 855 sionibus
302 795 423 872 insoles,
443 816 495 858 eos
514 795 686 877 subigerent
705 802 737 858 et
757 796 806 858 vei
827 816 984 857 servorum
1003 797 1147 858 conditio·

146 924 220 964 nem
238 904 336 965 subire
355 912 505 986 cogerent,
524 905 637 967 iustum
666 912 723 980 est,
749 912 785 966 ut
814 905 980 986 pleraeque
1004 907 1152 977 civitates,

96 994 99 999 ¹
148 1032 222 1092 quas
239 1016 366 1095 posteris
375 1016 560 1097 temporibus
579 1016 829 1092 inPeloponneao
839 1015 1020 1075 constitutas
1034 1016 1148 1076 inveni·

144 1142 219 1199 mus,
227 1125 599 1187 Dorierssiumesseutsivo
611 1124 849 1203 Hellenum,qui
861 1125 984 1203 proprie
997 1123 1146 1183 dicuntur.

219 1239 246 1293 2.
271 1232 339 1292 ‘Jam
366 1254 440 1295 vero
469 1240 630 1317 postquam
657 1233 807 1308 vidimun.
823 1250 965 1314 quosnam
992 1234 1147 1292 Graeciae

142 1344 281 1423 regiones
300 1343 470 1400 Helleniea
486 1362 567 1421 gene
587 1343 791 1422 (recuperent,
811 1361 848 1403 eo
860 1343 953 1423 magis
972 1342 1082 1402 mirum
1101 1342 1144 1402 vi·

145 1452 253 1511 deaiur
271 1469 394 1509 neeesse
415 1456 472 1524 est,
492 1450 574 1530 quod
593 1470 665 1510 mox
682 1451 715 1509 in
726 1451 810 1507 omni
829 1456 910 1509 ierra
928 1470 984 1530 pro
998 1450 1145 1525 Pelasgis

149 1559 296 1617 Hellenes
314 1559 515 1618 inveniuntur.
553 1557 593 1617 Es
612 1559 710 1638 premi
734 1558 856 1637 quidem
879 1557 957 1618 haue
981 1578 1047 1618 rem
1070 1558 1146 1618 ‹liiii-

147 1666 321 1755 eultsiibus‚
341 1686 403 1726 non
423 1672 479 1742 esi,
499 1667 581 1747 quod
599 1686 758 1747 negemus3
776 1686 874 1746 neque
893 1686 965 1726 vero
989 1672 1145 1748 propterea

144 1797 212 1838 eam
231 1797 288 1857 pro
308 1777 468 1857 desperata
494 1782 526 1836 ot
551 1794 629 1855 quae
655 1774 800 1855 explicari
825 1775 945 1835 omniuo
970 1796 1031 1835 non
1055 1779 1147 1857 possit

142 1886 248 1946 haberi
267 1884 425 1946 voluerim.
464 1884 542 1945 Nam
560 1885 819 1965 persuasissimum
843 1885 917 1945 mihi
938 1891 994 1958 esi,
1013 1886 1038 1945 si
1057 1886 1145 1946 ruodo

142 2003 282 2056 veiorum
302 1995 494 2074 scriptorum,
523 1993 660 2074 inprimis
689 1998 791 2053 autem
818 1992 973 2069 Herodoti,
992 1995 1055 2074 qui,
1083 2014 1143 2075 quo

140 2105 232 2166 modo
251 2103 326 2163 illud
345 2104 485 2163 effectum
504 2104 553 2177 sii,
573 2103 653 2163 haud
672 2102 799 2162 obscure
818 2103 1040 2183 significaverit,
1053 2106 1142 2163 vesli-

137 2217 186 2298 gia
205 2234 308 2297 presse
327 2230 554 2293 persequamur,
575 2212 652 2291 iore,
670 2217 705 2271 nt
717 2212 755 2271 ad
767 2210 859 2272 iiuem
877 2220 1053 2294 exoptatum
1073 2232 1141 2293 per·

139 2330 301 2386 veniamus.

212 2434 254 2494 Iis
279 2433 368 2507 enim,
397 2451 474 2513 quae
487 2431 660 2491 Herodotus
677 2431 716 2494 de
730 2430 839 2491 xmao
857 2432 980 2514 ejusque
992 2430 1056 2492 filio
1069 2434 1143 2491 Ione

142 2542 255 2622 prodii,
271 2541 339 2600 veri
357 2541 504 2619 quaedam
522 2542 607 2621 quasi
626 2543 741 2603 semina
764 2543 862 2602 inesse
887 2542 1077 2615 arbitramur,
1104 2560 1142 2599 rx

145 2649 253 2730 quibus
276 2668 383 2709 verum
408 2650 507 2730 ipsum
531 2650 639 2713 elisere
671 2657 702 2712 ei
728 2652 895 2732 producere
924 2651 1000 2711 nihil
1028 2650 1141 2730 negoiii

142 2761 191 2819 sis.
236 2758 316 2819 Nam
339 2752 503 2838 in'aperio
527 2764 583 2835 esi,
607 2759 792 2817 ffirodotum
816 2761 859 2820 nii
884 2760 942 2819 nisi
969 2759 1028 2819 hoe
1053 2759 1139 2839 signi-

139 2868 233 2930 ficare
252 2866 393 2942 voluisse,
413 2868 518 2925 Ionem
540 2870 670 2950 primum
694 2871 727 2929 in
746 2870 899 2946 Pelasgos
924 2868 1139 2945 Aegialensee,

138 2985 205 3039 tum
231 2977 324 3037 etium
346 2975 379 3035 iu
403 2977 554 3055 Pelasgos
578 2979 720 3037 Cranaos
748 2978 907 3059 imperium
936 2977 1138 3057 ditionemque

138 3090 367 3166 consequutum,
386 3087 488 3167 itaque
507 3088 622 3147 fretum
641 3106 717 3160 esse,
737 3093 771 3146 ut
790 3093 917 3166 uterque
941 3087 1079 3167 populns,
1107 3095 1139 3147 et

137 3197 258 3257 nomine
280 3201 318 3255 et
342 3195 475 3255 moribus
501 3197 539 3256 ad
563 3215 666 3276 regem
692 3196 895 3269 conformaiis,
915 3214 953 3254 ex
973 3198 1138 3271 Pelasgieo

139 3305 281 3366 evaderet
304 3305 497 3379 Heliconos,
528 3324 608 3365 novo
633 3306 790 3386 insignitus
815 3304 944 3364 nomine.
990 3304 1055 3367 Nee
1079 3307 1135 3364 aiio

138 3413 287 3473 senieuiia
311 3432 425 3489 eorum,
451 3431 528 3492 quae
548 3420 580 3474 ei
605 3415 643 3474 de
662 3412 792 3473 Achaeo
816 3414 866 3473 vel
890 3413 990 3493 potius
1014 3411 1138 3469 Achaei

138 3522 209 3583 filiis
229 3529 260 3582 ei
279 3522 316 3582 de
335 3523 431 3581 Aeolo
450 3522 619 3584 traduntur.
657 3520 697 3582 Et
715 3524 794 3585 hane
813 3521 993 3583 senientiam
1019 3520 1061 3576 ite
1086 3538 1136 3577 ve·

137 3649 201 3690 rem
221 3651 287 3691 esse
305 3630 588 3713 persuasumnobis
608 3639 664 3708 est,
684 3639 718 3692 ut
736 3634 768 3692 in
781 3631 964 3710 singulorum
983 3625 1136 3685 hominum

136 3741 246 3817 locum,
266 3740 318 3821 qni
338 3739 481 3796 Hellenis
506 3741 606 3801 neseio
634 3742 717 3820 eujus
741 3740 796 3800 filii
820 3737 869 3797 vei
894 3743 1020 3815 nepotes
1045 3735 1135 3797 fuisse

135 3851 305 3924 traduntur,
326 3847 461 3905 coloniae
480 3867 520 3908 ex
538 3849 702 3909 Helleniea
718 3857 813 3925 gente
825 3838 981 3924 proiectas*
995 3844 1135 3908 substitu-

136 3958 228 4021 endus
248 3978 314 4021 esse
335 3958 516 4019 arbitremur
538 3961 597 4034 ¹⁵).
616 3956 657 4016 Hi
675 3955 773 4015 soloni
792 3953 948 4013 Helleniei
972 3955 1052 4016 inter
1075 3961 1135 4035 pri.
