2566 4672
135 449 241 531 quibus
288 445 471 531 explicetur,
505 465 597 528 quare
633 467 790 511 conrnune
824 470 928 514 omnes
960 453 993 515 bi
1027 456 1131 538 pepuli

135 561 192 619 sibi
221 558 436 640 assumpserint
478 576 599 631 nomen,
637 578 754 638 parum,
792 578 884 640 quare
920 564 1038 622 Italiae
1076 584 1129 646 pn.

134 668 283 727 tissimum
314 667 373 729 hoo
403 687 468 727 esse
498 666 657 728 voluerint
702 666 789 746 Quae
819 670 941 750 quidem
973 692 1022 733 res
1051 673 1131 732 band

135 777 264 836 obseura
284 783 316 837 et
335 778 373 837 ad
390 775 615 856 intelligendum
633 774 730 835 facilis
750 784 806 852 est,
825 780 852 840 si
870 798 889 840 a
907 800 980 841 vero
1005 801 1065 841 non
1083 782 1133 841 ab·
1244 834 1246 839 ,

136 887 242 946 horret
261 887 417 960 sententia,
439 905 527 964 quam
552 884 630 943 infra
648 883 743 945 fusius
767 889 936 968 expositam
954 891 1135 970 argumentis

137 995 392 1055 confirmabimus:
412 994 504 1055 inisse
523 992 679 1052 Italorum
696 1014 807 1057 nomen
828 1017 987 1059 commune
1006 1019 1041 1058 ee
1066 1020 1132 1060 ver·

135 1104 274 1165 naculum
297 1124 360 1164 non
384 1103 480 1164 solum
505 1123 609 1164 eorum
639 1103 829 1184 populorum,
859 1108 912 1188 qui
937 1105 1134 1177 Oenotriam,

135 1215 187 1275 sod
209 1216 310 1290 etiam,
332 1215 384 1294 qui
414 1231 497 1272 oram
517 1213 613 1268 oraria
635 1211 803 1287 Tyrrheni,
822 1214 949 1277 torneae
969 1218 1069 1292 etiam,
1083 1219 1135 1296 qui

134 1324 358 1382 nnditerranea
372 1321 559 1397 paeninsulae
577 1317 735 1398 infhriore'e
753 1322 823 1381 loca
843 1325 973 1406 antiquis
992 1326 1134 1407 tempori·

135 1435 191 1494 bus
211 1432 354 1492 colerent.
392 1429 470 1490 Nam
490 1447 669 1507 quamquam
692 1434 768 1506 tum,
782 1434 1015 1515 quamprimum
1028 1454 1138 1493 nomen

136 1541 255 1599 Italiae
275 1541 313 1599 de
332 1536 518 1616 maisnillo,
538 1554 628 1616 quam
647 1557 736 1617 supra
756 1542 922 1601 accuratius
942 1540 1138 1617 definivimus,

137 1655 238 1708 terrae
257 1655 345 1729 parte
370 1652 545 1726 usmpatum
565 1646 727 1720 invenitur,
754 1648 815 1727 jem
834 1649 886 1710 diu
908 1650 1045 1729 regiones
1069 1650 1138 1710 iliae

137 1758 264 1816 aliorum
283 1755 477 1837 populorum,
496 1753 645 1811 Sabellio·
656 1756 846 1835 potissimum
865 1759 993 1839 generis,
1012 1759 1138 1839 imperio

136 1867 300 1948 parebant,
328 1870 447 1925 veteres
472 1863 589 1924 incolae
620 1869 722 1924 tamen
753 1865 913 1926 maximam
936 1872 1054 1946 partem
1079 1886 1140 1926 nou

139 1977 237 2055 ejecti,
258 1949 457 2054 sed‘imperio
480 1972 600 2032 illorum
620 1971 757 2052 subjecti,
777 1993 847 2034 eum
865 1973 988 2055 singulis
1006 1975 1039 2034 iu
1052 1975 1139 2034 unius

137 2085 241 2165 populi
261 2103 368 2164 eorpus
388 2081 569 2142 coaluerant.
609 2079 737 2142 Servata
756 2081 847 2162 igitur
866 2083 1011 2163 pristinae
1037 2083 1138 2144 condi-

138 2195 229 2253 tionis
249 2193 393 2253 memoria
412 2192 522 2265 effecit,
544 2196 691 2270 utquam
703 2197 840 2271 tempore
860 2211 949 2272 supra
962 2210 1141 2253 commemo-

138 2310 204 2362 rato
238 2302 388 2362 communi
420 2301 548 2382 quodam
579 2298 700 2360 vinculo
730 2301 992 2382 conjungerentur,
1024 2301 1142 2358 ltaliae

138 2432 259 2487 nomen,
284 2411 365 2490 quod
390 2411 553 2488 antiquitus
578 2427 702 2491 magnae
729 2409 780 2472 vel
809 2411 957 2473 maximae
983 2402 1165 2485 terrarum,'

140 2539 213 2598 quas
231 2519 385 2592 tenebant,
405 2519 499 2597 partis
518 2537 675 2578 commune
694 2517 805 2592 fuerat,
826 2518 924 2579 denuo
943 2523 1144 2577 revocaretur.

218 2625 328 2685 Cetera
347 2631 420 2683 nota
440 2630 519 2697 sunt,
539 2644 597 2684 nee
622 2625 756 2684 uberiori
782 2625 972 2706 expositione
995 2624 1143 2706 indigent:

141 2737 300 2792 Romanos
319 2733 427 2792 deinde
447 2732 505 2792 hoc
524 2731 645 2792 nomine
665 2732 758 2793 etiam
775 2733 808 2795 in
826 2732 983 2803 Etruscos,
1006 2732 1144 2807 Umbra,

143 2844 217 2904 alios
237 2842 357 2917 tralato,
373 2842 411 2902 ad
424 2847 529 2914 tetam,
551 2859 628 2920 quae
646 2841 774 2922 imperio
793 2861 898 2904 eorum
914 2840 1048 2920 subjecta
1067 2850 1143 2921 eret,
1230 2870 1237 2884 ¹

140 2960 254 3011 terram
273 2965 333 3010 mro
353 2950 474 3010 nornine
488 2948 721 3030 significandam,
740 2949 783 3010 ita
800 2969 871 3011 usos
889 2969 966 3026 esse,
985 2957 1029 3026 ut,
1042 2953 1145 3011 Italia

140 3061 299 3120 Rubicone
319 3061 410 3119 fluvio
437 3064 526 3138 atque
555 3057 724 3133 Apennino
747 3066 851 3121 moute
870 3058 965 3135 finita,
985 3079 1052 3121 eam
1076 3080 1146 3138 par.

141 3176 215 3244 tem,
236 3188 312 3249 quae
332 3170 431 3228 oriens
451 3167 488 3228 ab
507 3167 554 3227 his
573 3167 670 3247 vergit
694 3169 733 3228 ad
758 3169 989 3249 septentriones,
1016 3171 1146 3229 Galliae

145 3280 316 3353 cisalpinae
336 3279 457 3340 nomine
477 3276 514 3337 ab
534 3277 636 3336 Italic
657 3278 813 3339 etiamtum
831 3284 1034 3354 secernerent,
1052 3299 1147 3358 quum

145 3376 262 3446 incolae
282 3387 343 3466 ejus
361 3389 422 3465 jam
440 3386 602 3467 perdomiti
622 3391 653 3446 et
673 3386 727 3446 sub
740 3385 900 3468 imperium
913 3405 1019 3448 eorum
1031 3385 1147 3445 redacti

147 3502 241 3556 orant.
280 3493 383 3576 Itaque
403 3493 552 3570 Polybius
574 3493 635 3571 ¹¹),
662 3496 714 3576 qni
734 3495 772 3554 de
790 3495 921 3556 Graecia
938 3489 1147 3567 scriptoribus,

146 3605 229 3684 quod
253 3605 390 3680 sciamus,
415 3603 540 3685 primus,
564 3609 661 3664 totam
688 3611 813 3680 terram,
842 3619 919 3682 quae
951 3599 1086 3676 Alpibus
1113 3623 1150 3667 ao

148 3711 286 3770 risoribus
304 3714 395 3778 Ionio¹
411 3718 443 3772 et
461 3710 662 3780 Hadriatico,
682 3710 786 3770 Siculo
807 3714 841 3771 et
868 3707 1028 3784 Tyrrheno
1054 3713 1148 3773 conti.

146 3828 248 3896 netur,
276 3822 395 3893 Italeae
425 3819 547 3880 nemine
578 3819 800 3899 complectitur,
830 3816 1032 3879 Romanorum
1068 3840 1152 3885 more

146 3945 261 4012 neuque
281 3929 436 4012 loquendi,
456 3928 508 4008 qui
531 3925 592 3987 iltis
610 3925 797 4008 temporibus
815 3924 979 4004 obtinebat,
1006 3930 1152 4014 neglecte,
