<?xml version="1.0" encoding="UTF-8"?>
<!DOCTYPE html PUBLIC "-//W3C//DTD XHTML 1.0 Transitional//EN"
    "http://www.w3.org/TR/xhtml1/DTD/xhtml1-transitional.dtd">
<html xmlns="http://www.w3.org/1999/xhtml" xml:lang="en" lang="en">
 <head>
  <title>
</title>
<meta http-equiv="Content-Type" content="text/html;charset=utf-8" />
  <meta name='ocr-system' content='tesseract 3.04.00' />
  <meta name='ocr-capabilities' content='ocr_page ocr_carea ocr_par ocr_line ocrx_word'/>
</head>
<body>
  <div class='ocr_page' id='page_1' title='image "./deantiquisitali00curtgoog_0039.png"; bbox 0 0 2566 4672; ppageno 0'>
   <div class='ocr_carea' id='block_1_1' title="bbox 500 267 781 335">
    <p class='ocr_par' dir='ltr' id='par_1_1' title="bbox 500 267 781 335">
     <span class='ocr_line' id='line_1_1' title="bbox 500 267 781 335; baseline 0.007 -23"><span class='ocrx_word' id='word_1_1' title='bbox 500 267 781 335; x_wconf 66' lang='lat'>..22-</span> 
     </span>
    </p>
   </div>
   <div class='ocr_carea' id='block_1_2' title="bbox 140 425 1153 633">
    <p class='ocr_par' dir='ltr' id='par_1_2' title="bbox 140 425 1153 633">
     <span class='ocr_line' id='line_1_2' title="bbox 140 425 1153 522; baseline 0.007 -31"><span class='ocrx_word' id='word_1_2' title='bbox 140 425 243 504; x_wconf 71' lang='lat' dir='ltr'><strong>ludit,</strong></span> <span class='ocrx_word' id='word_1_3' title='bbox 263 426 471 506; x_wconf 66' lang='lat' dir='ltr'><strong>Pelasgorum</strong></span> <span class='ocrx_word' id='word_1_4' title='bbox 496 450 536 493; x_wconf 84' lang='lat' dir='ltr'><strong>ex</strong></span> <span class='ocrx_word' id='word_1_5' title='bbox 564 433 728 503; x_wconf 72' lang='lat' dir='ltr'><strong>Thessalia</strong></span> <span class='ocrx_word' id='word_1_6' title='bbox 754 454 771 493; x_wconf 88' lang='lat' dir='ltr'><strong>a</strong></span> <span class='ocrx_word' id='word_1_7' title='bbox 799 435 1001 522; x_wconf 79' lang='lat' dir='ltr'><strong>Deucalionis</strong></span> <span class='ocrx_word' id='word_1_8' title='bbox 1025 438 1153 519; x_wconf 78' lang='lat' dir='ltr'><strong>populis</strong></span> 
     </span>
     <span class='ocr_line' id='line_1_3' title="bbox 140 536 1152 633; baseline 0.012 -35"><span class='ocrx_word' id='word_1_9' title='bbox 140 536 293 620; x_wconf 81' lang='lat' dir='ltr'><strong>pulsorum</strong></span> <span class='ocrx_word' id='word_1_10' title='bbox 311 544 429 621; x_wconf 85' lang='lat' dir='ltr'><strong>partem</strong></span> <span class='ocrx_word' id='word_1_11' title='bbox 449 544 600 622; x_wconf 78' lang='lat' dir='ltr'><strong>qrirudom</strong></span> <span class='ocrx_word' id='word_1_12' title='bbox 622 544 782 611; x_wconf 74' lang='lat' dir='ltr'><em>Boeotiam</em></span> <span class='ocrx_word' id='word_1_13' title='bbox 804 543 962 633; x_wconf 76' lang='lat' dir='ltr'><strong>invasisse,</strong></span> <span class='ocrx_word' id='word_1_14' title='bbox 984 536 1059 606; x_wconf 84' lang='lat' dir='ltr'><strong>lieet</strong></span> <span class='ocrx_word' id='word_1_15' title='bbox 1087 541 1152 610; x_wconf 82' lang='lat' dir='ltr'><strong>hoe</strong></span> 
     </span>
    </p>
   </div>
   <div class='ocr_carea' id='block_1_3' title="bbox 139 647 1158 742">
    <p class='ocr_par' dir='ltr' id='par_1_3' title="bbox 139 647 1158 742">
     <span class='ocr_line' id='line_1_4' title="bbox 139 647 1158 742; baseline 0.012 -35"><span class='ocrx_word' id='word_1_16' title='bbox 139 647 173 707; x_wconf 89' lang='lat' dir='ltr'><strong>iu</strong></span> <span class='ocrx_word' id='word_1_17' title='bbox 191 647 336 713; x_wconf 74' lang='lat' dir='ltr'><strong>auxilius</strong></span> <span class='ocrx_word' id='word_1_18' title='bbox 354 669 465 742; x_wconf 78' lang='lat' dir='ltr'><strong>vorare</strong></span> <span class='ocrx_word' id='word_1_19' title='bbox 483 672 613 735; x_wconf 85' lang='lat' dir='ltr'><strong>possem,</strong></span> <span class='ocrx_word' id='word_1_20' title='bbox 632 672 735 733; x_wconf 85' lang='lat' dir='ltr'><strong>quum,</strong></span> <span class='ocrx_word' id='word_1_21' title='bbox 755 653 837 733; x_wconf 83' lang='lat' dir='ltr'><strong>quod</strong></span> <span class='ocrx_word' id='word_1_22' title='bbox 855 655 933 715; x_wconf 87' lang='lat' dir='ltr'><strong>inira</strong></span> <span class='ocrx_word' id='word_1_23' title='bbox 959 653 1158 719; x_wconf 68' lang='lat' dir='ltr'><strong>demonstra·&#39;</strong></span> 
     </span>
    </p>
   </div>
   <div class='ocr_carea' id='block_1_4' title="bbox 140 754 1188 843">
    <p class='ocr_par' dir='ltr' id='par_1_4' title="bbox 140 754 1188 843">
     <span class='ocr_line' id='line_1_5' title="bbox 140 754 1188 843; baseline 0.01 -26"><span class='ocrx_word' id='word_1_24' title='bbox 140 754 233 835; x_wconf 86' lang='lat' dir='ltr'><strong>bitur,</strong></span> <span class='ocrx_word' id='word_1_25' title='bbox 261 759 417 840; x_wconf 79' lang='lat' dir='ltr'><strong>probabile</strong></span> <span class='ocrx_word' id='word_1_26' title='bbox 446 764 497 836; x_wconf 83' lang='lat' dir='ltr'><strong>sit,</strong></span> <span class='ocrx_word' id='word_1_27' title='bbox 525 780 629 821; x_wconf 87' lang='lat' dir='ltr'><strong>omnes</strong></span> <span class='ocrx_word' id='word_1_28' title='bbox 658 780 709 822; x_wconf 86' lang='lat' dir='ltr'><strong>eas</strong></span> <span class='ocrx_word' id='word_1_29' title='bbox 737 769 857 836; x_wconf 81' lang='lat' dir='ltr'><strong>tersas,</strong></span> <span class='ocrx_word' id='word_1_30' title='bbox 875 782 948 843; x_wconf 84' lang='lat' dir='ltr'><strong>quas</strong></span> <span class='ocrx_word' id='word_1_31' title='bbox 976 768 1150 843; x_wconf 70' lang='lat' dir='ltr'><strong>Dionysius</strong></span> <span class='ocrx_word' id='word_1_32' title='bbox 1181 756 1188 760; x_wconf 42' lang='lat'>⁸</span> 
     </span>
    </p>
   </div>
   <div class='ocr_carea' id='block_1_5' title="bbox 133 868 1148 3589">
    <p class='ocr_par' dir='ltr' id='par_1_5' title="bbox 136 868 1148 2043">
     <span class='ocr_line' id='line_1_6' title="bbox 138 868 1148 953; baseline 0.005 -22"><span class='ocrx_word' id='word_1_33' title='bbox 138 871 206 931; x_wconf 78' lang='lat' dir='ltr'><strong>tom</strong></span> <span class='ocrx_word' id='word_1_34' title='bbox 226 868 346 931; x_wconf 84' lang='lat' dir='ltr'><strong>demum</strong></span> <span class='ocrx_word' id='word_1_35' title='bbox 365 869 545 945; x_wconf 81' lang='lat' dir='ltr'><strong>nPelorgis</strong></span> <span class='ocrx_word' id='word_1_36' title='bbox 564 876 725 950; x_wconf 82' lang='lat' dir='ltr'><strong>ooouputas</strong></span> <span class='ocrx_word' id='word_1_37' title='bbox 744 891 810 932; x_wconf 91' lang='lat' dir='ltr'><strong>esse</strong></span> <span class='ocrx_word' id='word_1_38' title='bbox 829 874 934 948; x_wconf 82' lang='lat' dir='ltr'><strong>tradit,</strong></span> <span class='ocrx_word' id='word_1_39' title='bbox 953 875 1023 935; x_wconf 88' lang='lat' dir='ltr'><strong>inde</strong></span> <span class='ocrx_word' id='word_1_40' title='bbox 1043 875 1148 953; x_wconf 25' lang='lat' dir='ltr'><strong>ablan-</strong></span> 
     </span>
     <span class='ocr_line' id='line_1_7' title="bbox 139 977 1147 1062; baseline 0.006 -23"><span class='ocrx_word' id='word_1_41' title='bbox 139 978 314 1060; x_wconf 79' lang='lat' dir='ltr'><strong>liquissimis</strong></span> <span class='ocrx_word' id='word_1_42' title='bbox 332 977 517 1059; x_wconf 79' lang='lat' dir='ltr'>temporibus</span> <span class='ocrx_word' id='word_1_43' title='bbox 536 978 595 1056; x_wconf 78' lang='lat' dir='ltr'><strong>jum</strong></span> <span class='ocrx_word' id='word_1_44' title='bbox 614 978 728 1040; x_wconf 85' lang='lat' dir='ltr'><strong>incolas</strong></span> <span class='ocrx_word' id='word_1_45' title='bbox 752 981 850 1062; x_wconf 82' lang='lat' dir='ltr'><strong>gentis</strong></span> <span class='ocrx_word' id='word_1_46' title='bbox 875 981 1064 1059; x_wconf 77' lang='lat' dir='ltr'><strong>Pelasgicos</strong></span> <span class='ocrx_word' id='word_1_47' title='bbox 1091 985 1147 1044; x_wconf 90' lang='lat' dir='ltr'><strong>ha·</strong></span> 
     </span>
     <span class='ocr_line' id='line_1_8' title="bbox 139 1085 1145 1167; baseline 0.005 -19"><span class='ocrx_word' id='word_1_48' title='bbox 139 1085 250 1161; x_wconf 79' lang='lat' dir='ltr'><strong>baisse,</strong></span> <span class='ocrx_word' id='word_1_49' title='bbox 270 1088 333 1160; x_wconf 87' lang='lat' dir='ltr'><strong>sed,</strong></span> <span class='ocrx_word' id='word_1_50' title='bbox 352 1092 387 1159; x_wconf 83' lang='lat' dir='ltr'><strong>ut</strong></span> <span class='ocrx_word' id='word_1_51' title='bbox 411 1085 470 1144; x_wconf 86' lang='lat' dir='ltr'><strong>alin</strong></span> <span class='ocrx_word' id='word_1_52' title='bbox 495 1106 615 1167; x_wconf 85' lang='lat' dir='ltr'><strong>quoque</strong></span> <span class='ocrx_word' id='word_1_53' title='bbox 639 1087 690 1147; x_wconf 86' lang='lat' dir='ltr'><strong>hio</strong></span> <span class='ocrx_word' id='word_1_54' title='bbox 715 1090 861 1162; x_wconf 83' lang='lat' dir='ltr'><strong>omittam,</strong></span> <span class='ocrx_word' id='word_1_55' title='bbox 887 1089 946 1149; x_wconf 86' lang='lat' dir='ltr'><strong>hoo</strong></span> <span class='ocrx_word' id='word_1_56' title='bbox 970 1092 1044 1150; x_wconf 87' lang='lat' dir='ltr'><strong>mihi</strong></span> <span class='ocrx_word' id='word_1_57' title='bbox 1071 1096 1145 1153; x_wconf 83' lang='lat' dir='ltr'><strong>satis</strong></span> 
     </span>
     <span class='ocr_line' id='line_1_9' title="bbox 139 1193 1144 1280; baseline 0.005 -25"><span class='ocrx_word' id='word_1_58' title='bbox 139 1193 257 1261; x_wconf 82' lang='lat' dir='ltr'><strong>firmum</strong></span> <span class='ocrx_word' id='word_1_59' title='bbox 276 1194 377 1255; x_wconf 80' lang='lat' dir='ltr'><strong>afferri</strong></span> <span class='ocrx_word' id='word_1_60' title='bbox 401 1194 522 1255; x_wconf 85' lang='lat' dir='ltr'><strong>videtur</strong></span> <span class='ocrx_word' id='word_1_61' title='bbox 548 1203 765 1276; x_wconf 80' lang='lat' dir='ltr'><strong>argumentum,</strong></span> <span class='ocrx_word' id='word_1_62' title='bbox 791 1216 883 1276; x_wconf 83' lang='lat' dir='ltr'><strong>quare</strong></span> <span class='ocrx_word' id='word_1_63' title='bbox 908 1197 996 1276; x_wconf 87' lang='lat' dir='ltr'><strong>hujus</strong></span> <span class='ocrx_word' id='word_1_64' title='bbox 1021 1220 1144 1280; x_wconf 86' lang='lat' dir='ltr'><strong>quoque</strong></span> 
     </span>
     <span class='ocr_line' id='line_1_10' title="bbox 138 1303 1141 1382; baseline 0.003 -19"><span class='ocrx_word' id='word_1_65' title='bbox 138 1309 237 1364; x_wconf 85' lang='lat' dir='ltr'><strong>terrae</strong></span> <span class='ocrx_word' id='word_1_66' title='bbox 257 1303 478 1382; x_wconf 83' lang='lat' dir='ltr'><strong>antiquissimos</strong></span> <span class='ocrx_word' id='word_1_67' title='bbox 497 1304 622 1379; x_wconf 84' lang='lat' dir='ltr'><strong>incolas,</strong></span> <span class='ocrx_word' id='word_1_68' title='bbox 641 1305 713 1365; x_wconf 88' lang='lat' dir='ltr'><strong>lieet</strong></span> <span class='ocrx_word' id='word_1_69' title='bbox 733 1305 798 1364; x_wconf 91' lang='lat' dir='ltr'><strong>aliis</strong></span> <span class='ocrx_word' id='word_1_70' title='bbox 821 1304 991 1365; x_wconf 89' lang='lat' dir='ltr'>nominibus</span> <span class='ocrx_word' id='word_1_71' title='bbox 1009 1313 1141 1381; x_wconf 81' lang='lat' dir='ltr'><strong>notatos,</strong></span> 
     </span>
     <span class='ocr_line' id='line_1_11' title="bbox 137 1411 1142 1496; baseline 0 -24"><span class='ocrx_word' id='word_1_72' title='bbox 137 1417 239 1477; x_wconf 80' lang='lat' dir='ltr'><strong>tumen</strong></span> <span class='ocrx_word' id='word_1_73' title='bbox 257 1411 446 1489; x_wconf 77' lang='lat' dir='ltr'><strong>Pelasgicos</strong></span> <span class='ocrx_word' id='word_1_74' title='bbox 466 1415 577 1495; x_wconf 81' lang='lat' dir='ltr'><strong>stirpis.</strong></span> <span class='ocrx_word' id='word_1_75' title='bbox 595 1414 686 1476; x_wconf 83' lang='lat' dir='ltr'><strong>inisse</strong></span> <span class='ocrx_word' id='word_1_76' title='bbox 711 1414 877 1488; x_wconf 84' lang='lat' dir='ltr'><strong>credamus,</strong></span> <span class='ocrx_word' id='word_1_77' title='bbox 903 1415 984 1496; x_wconf 80' lang='lat' dir='ltr'><strong>quod</strong></span> <span class='ocrx_word' id='word_1_78' title='bbox 1008 1415 1142 1475; x_wconf 83' lang='lat' dir='ltr'><strong>Cabiro-</strong></span> 
     </span>
     <span class='ocr_line' id='line_1_12' title="bbox 137 1522 1141 1606; baseline 0.006 -28"><span class='ocrx_word' id='word_1_79' title='bbox 137 1540 208 1582; x_wconf 83' lang='lat' dir='ltr'><strong>rum</strong></span> <span class='ocrx_word' id='word_1_80' title='bbox 225 1525 318 1581; x_wconf 85' lang='lat' dir='ltr'><strong>soora</strong></span> <span class='ocrx_word' id='word_1_81' title='bbox 338 1533 367 1581; x_wconf 82' lang='lat' dir='ltr'><strong>et</strong></span> <span class='ocrx_word' id='word_1_82' title='bbox 386 1525 546 1599; x_wconf 80' lang='lat' dir='ltr'><strong>mysteria,</strong></span> <span class='ocrx_word' id='word_1_83' title='bbox 566 1541 643 1604; x_wconf 86' lang='lat' dir='ltr'><strong>quae</strong></span> <span class='ocrx_word' id='word_1_84' title='bbox 668 1522 878 1604; x_wconf 71' lang='lat' dir='ltr'><em>Pelasgorum</em></span> <span class='ocrx_word' id='word_1_85' title='bbox 901 1526 1024 1606; x_wconf 83' lang='lat' dir='ltr'><strong>propria</strong></span> <span class='ocrx_word' id='word_1_86' title='bbox 1049 1524 1141 1584; x_wconf 82' lang='lat' dir='ltr'><strong>luisse</strong></span> 
     </span>
     <span class='ocr_line' id='line_1_13' title="bbox 136 1632 1143 1710; baseline 0 -18"><span class='ocrx_word' id='word_1_87' title='bbox 136 1632 307 1693; x_wconf 82' lang='lat' dir='ltr'><strong>Herodotus</strong></span> <span class='ocrx_word' id='word_1_88' title='bbox 326 1639 432 1695; x_wconf 81' lang='lat' dir='ltr'><strong>auctor</strong></span> <span class='ocrx_word' id='word_1_89' title='bbox 457 1639 503 1694; x_wconf 84' lang='lat' dir='ltr'><strong>est</strong></span> <span class='ocrx_word' id='word_1_90' title='bbox 525 1633 586 1710; x_wconf 81' lang='lat'><strong>¹⁹),</strong></span> <span class='ocrx_word' id='word_1_91' title='bbox 605 1633 639 1694; x_wconf 88' lang='lat' dir='ltr'><strong>iu</strong></span> <span class='ocrx_word' id='word_1_92' title='bbox 662 1635 792 1694; x_wconf 81' lang='lat' dir='ltr'><strong>Boeotia</strong></span> <span class='ocrx_word' id='word_1_93' title='bbox 817 1643 883 1697; x_wconf 78' lang='lat' dir='ltr'><strong>orta</strong></span> <span class='ocrx_word' id='word_1_94' title='bbox 909 1655 974 1696; x_wconf 90' lang='lat' dir='ltr'><strong>esse</strong></span> <span class='ocrx_word' id='word_1_95' title='bbox 998 1634 1143 1693; x_wconf 83' lang='lat' dir='ltr'><strong>iraditum</strong></span> 
     </span>
     <span class='ocr_line' id='line_1_14' title="bbox 137 1739 1145 1825; baseline -0.003 -22"><span class='ocrx_word' id='word_1_96' title='bbox 137 1749 185 1805; x_wconf 87' lang='lat' dir='ltr'><strong>est</strong></span> <span class='ocrx_word' id='word_1_97' title='bbox 200 1743 257 1823; x_wconf 84' lang='lat'><strong>¹⁰).</strong></span> <span class='ocrx_word' id='word_1_98' title='bbox 275 1775 315 1790; x_wconf 88' lang='lat'><strong>·-</strong></span> <span class='ocrx_word' id='word_1_99' title='bbox 333 1742 402 1804; x_wconf 79' lang='lat' dir='ltr'><strong>&#39;Per</strong></span> <span class='ocrx_word' id='word_1_100' title='bbox 418 1739 614 1819; x_wconf 77' lang='lat' dir='ltr'><strong>Thessaliam</strong></span> <span class='ocrx_word' id='word_1_101' title='bbox 625 1763 746 1809; x_wconf 82' lang='lat' dir='ltr'><strong>ornnem</strong></span> <span class='ocrx_word' id='word_1_102' title='bbox 757 1747 923 1825; x_wconf 82' lang='lat' dir='ltr'><strong>antiquitus</strong></span> <span class='ocrx_word' id='word_1_103' title='bbox 935 1745 1145 1820; x_wconf 78' lang='lat' dir='ltr'><strong>Pelasgorum</strong></span> 
     </span>
     <span class='ocr_line' id='line_1_15' title="bbox 138 1851 1143 1936; baseline -0.001 -22"><span class='ocrx_word' id='word_1_104' title='bbox 138 1855 229 1916; x_wconf 86' lang='lat' dir='ltr'><strong>sedes</strong></span> <span class='ocrx_word' id='word_1_105' title='bbox 248 1858 421 1915; x_wconf 86' lang='lat' dir='ltr'><strong>eousttutas</strong></span> <span class='ocrx_word' id='word_1_106' title='bbox 439 1851 542 1915; x_wconf 76' lang='lat' dir='ltr'><strong>fuisse.</strong></span> <span class='ocrx_word' id='word_1_107' title='bbox 563 1853 595 1913; x_wconf 92' lang='lat' dir='ltr'><strong>in</strong></span> <span class='ocrx_word' id='word_1_108' title='bbox 613 1854 719 1936; x_wconf 80' lang='lat' dir='ltr'><strong>vulgus</strong></span> <span class='ocrx_word' id='word_1_109' title='bbox 744 1861 849 1923; x_wconf 84' lang='lat' dir='ltr'><strong>notum</strong></span> <span class='ocrx_word' id='word_1_110' title='bbox 875 1860 939 1927; x_wconf 85' lang='lat' dir='ltr'><strong>est,</strong></span> <span class='ocrx_word' id='word_1_111' title='bbox 962 1855 1006 1912; x_wconf 79' lang='lat' dir='ltr'><strong>ita</strong></span> <span class='ocrx_word' id='word_1_112' title='bbox 1031 1859 1064 1913; x_wconf 86' lang='lat' dir='ltr'><strong>ut</strong></span> <span class='ocrx_word' id='word_1_113' title='bbox 1088 1854 1143 1913; x_wconf 85' lang='lat' dir='ltr'><strong>vix</strong></span> 
     </span>
     <span class='ocr_line' id='line_1_16' title="bbox 139 1961 884 2043; baseline 0.004 -22"><span class='ocrx_word' id='word_1_114' title='bbox 139 1961 226 2043; x_wconf 82' lang='lat' dir='ltr'><strong>hujus</strong></span> <span class='ocrx_word' id='word_1_115' title='bbox 244 1963 290 2022; x_wconf 89' lang='lat' dir='ltr'><strong>rei</strong></span> <span class='ocrx_word' id='word_1_116' title='bbox 308 1961 480 2022; x_wconf 84' lang='lat' dir='ltr'><strong>testimonia</strong></span> <span class='ocrx_word' id='word_1_117' title='bbox 501 1962 601 2022; x_wconf 81' lang='lat' dir='ltr'><strong>offerri</strong></span> <span class='ocrx_word' id='word_1_118' title='bbox 620 1983 744 2024; x_wconf 90' lang='lat' dir='ltr'><strong>neeesse</strong></span> <span class='ocrx_word' id='word_1_119' title='bbox 765 1965 805 2024; x_wconf 86' lang='lat' dir='ltr'><strong>sit</strong></span> <span class='ocrx_word' id='word_1_120' title='bbox 827 1962 884 2040; x_wconf 75' lang='lat'>⁹¹).</span> 
     </span>
    </p>

    <p class='ocr_par' dir='ltr' id='par_1_6' title="bbox 133 2070 1144 3589">
     <span class='ocr_line' id='line_1_17' title="bbox 213 2070 1140 2154; baseline -0.002 -22"><span class='ocrx_word' id='word_1_121' title='bbox 213 2070 297 2132; x_wconf 82' lang='lat' dir='ltr'><strong>Haeo</strong></span> <span class='ocrx_word' id='word_1_122' title='bbox 315 2070 381 2131; x_wconf 86' lang='lat' dir='ltr'><strong>iere</strong></span> <span class='ocrx_word' id='word_1_123' title='bbox 400 2078 480 2147; x_wconf 90' lang='lat' dir='ltr'><strong>suut,</strong></span> <span class='ocrx_word' id='word_1_124' title='bbox 500 2090 577 2152; x_wconf 86' lang='lat' dir='ltr'><strong>quae</strong></span> <span class='ocrx_word' id='word_1_125' title='bbox 597 2073 635 2134; x_wconf 86' lang='lat' dir='ltr'><strong>de</strong></span> <span class='ocrx_word' id='word_1_126' title='bbox 655 2072 777 2154; x_wconf 78' lang='lat' dir='ltr'><strong>siugulis</strong></span> <span class='ocrx_word' id='word_1_127' title='bbox 796 2071 953 2148; x_wconf 66' lang='lat' dir='ltr'><strong>boiladis,</strong></span> <span class='ocrx_word' id='word_1_128' title='bbox 974 2091 1051 2153; x_wconf 86' lang='lat' dir='ltr'><strong>quae</strong></span> <span class='ocrx_word' id='word_1_129' title='bbox 1071 2091 1140 2152; x_wconf 89' lang='lat' dir='ltr'><strong>pro·</strong></span> 
     </span>
     <span class='ocr_line' id='line_1_18' title="bbox 137 2181 1144 2263; baseline -0.002 -22"><span class='ocrx_word' id='word_1_130' title='bbox 137 2181 204 2263; x_wconf 83' lang='lat' dir='ltr'><strong>prio</strong></span> <span class='ocrx_word' id='word_1_131' title='bbox 222 2187 358 2257; x_wconf 74' lang='lat' dir='ltr'><strong>vocatur,</strong></span> <span class='ocrx_word' id='word_1_132' title='bbox 376 2181 467 2242; x_wconf 86' lang='lat' dir='ltr'><strong>terris</strong></span> <span class='ocrx_word' id='word_1_133' title='bbox 485 2181 630 2244; x_wconf 89' lang='lat' dir='ltr'><strong>habemus</strong></span> <span class='ocrx_word' id='word_1_134' title='bbox 648 2191 793 2253; x_wconf 28' lang='lat' dir='ltr'><strong>veterum·</strong></span> <span class='ocrx_word' id='word_1_135' title='bbox 805 2182 985 2263; x_wconf 81' lang='lat' dir='ltr'><strong>scriptorum</strong></span> <span class='ocrx_word' id='word_1_136' title='bbox 1005 2182 1144 2241; x_wconf 70' lang='lat' dir='ltr'><strong>testimo·</strong></span> 
     </span>
     <span class='ocr_line' id='line_1_19' title="bbox 137 2289 1141 2376; baseline -0.001 -25"><span class='ocrx_word' id='word_1_137' title='bbox 137 2291 195 2353; x_wconf 85' lang='lat' dir='ltr'><strong>uia.</strong></span> <span class='ocrx_word' id='word_1_138' title='bbox 234 2289 336 2371; x_wconf 85' lang='lat' dir='ltr'><strong>Quum</strong></span> <span class='ocrx_word' id='word_1_139' title='bbox 355 2299 457 2355; x_wconf 84' lang='lat' dir='ltr'><strong>autem</strong></span> <span class='ocrx_word' id='word_1_140' title='bbox 472 2300 584 2376; x_wconf 70' lang='lat' dir='ltr'><strong>postea</strong></span> <span class='ocrx_word' id='word_1_141' title='bbox 600 2292 671 2354; x_wconf 89' lang='lat' dir='ltr'><strong>huie</strong></span> <span class='ocrx_word' id='word_1_142' title='bbox 690 2295 759 2355; x_wconf 89' lang='lat' dir='ltr'><strong>vooi</strong></span> <span class='ocrx_word' id='word_1_143' title='bbox 777 2292 868 2352; x_wconf 87' lang='lat' dir='ltr'><strong>latius</strong></span> <span class='ocrx_word' id='word_1_144' title='bbox 886 2297 993 2372; x_wconf 83' lang='lat' dir='ltr'><strong>palens</strong></span> <span class='ocrx_word' id='word_1_145' title='bbox 1005 2296 1141 2371; x_wconf 84' lang='lat' dir='ltr'><strong>potestas</strong></span> 
     </span>
     <span class='ocr_line' id='line_1_20' title="bbox 137 2401 1141 2485; baseline -0.005 -22"><span class='ocrx_word' id='word_1_146' title='bbox 137 2401 271 2482; x_wconf 78' lang='lat' dir='ltr'><strong>subiecta</strong></span> <span class='ocrx_word' id='word_1_147' title='bbox 294 2403 344 2477; x_wconf 89' lang='lat' dir='ltr'><strong>sit,</strong></span> <span class='ocrx_word' id='word_1_148' title='bbox 369 2401 413 2463; x_wconf 81' lang='lat' dir='ltr'><strong>itu</strong></span> <span class='ocrx_word' id='word_1_149' title='bbox 437 2409 482 2479; x_wconf 89' lang='lat' dir='ltr'><strong>ut,</strong></span> <span class='ocrx_word' id='word_1_150' title='bbox 509 2421 586 2485; x_wconf 78' lang='lat' dir='ltr'><strong>ques</strong></span> <span class='ocrx_word' id='word_1_151' title='bbox 612 2421 630 2464; x_wconf 81' lang='lat' dir='ltr'><strong>a</strong></span> <span class='ocrx_word' id='word_1_152' title='bbox 654 2401 909 2484; x_wconf 74' lang='lat' dir='ltr'><strong>septentrionibus</strong></span> <span class='ocrx_word' id='word_1_153' title='bbox 931 2418 998 2461; x_wconf 80' lang='lat' dir='ltr'><strong>eom</strong></span> <span class='ocrx_word' id='word_1_154' title='bbox 1018 2402 1141 2480; x_wconf 81' lang='lat' dir='ltr'><strong>cingunt</strong></span> 
     </span>
     <span class='ocr_line' id='line_1_21' title="bbox 138 2510 1141 2594; baseline -0.002 -22"><span class='ocrx_word' id='word_1_155' title='bbox 138 2515 249 2589; x_wconf 84' lang='lat' dir='ltr'><strong>terrae,</strong></span> <span class='ocrx_word' id='word_1_156' title='bbox 268 2531 404 2593; x_wconf 81' lang='lat' dir='ltr'><strong>quaeque</strong></span> <span class='ocrx_word' id='word_1_157' title='bbox 424 2512 590 2594; x_wconf 84' lang='lat' dir='ltr'><strong>antiquitus</strong></span> <span class='ocrx_word' id='word_1_158' title='bbox 614 2512 651 2573; x_wconf 92' lang='lat' dir='ltr'><strong>ab</strong></span> <span class='ocrx_word' id='word_1_159' title='bbox 677 2533 714 2574; x_wconf 88' lang='lat' dir='ltr'><strong>ea</strong></span> <span class='ocrx_word' id='word_1_160' title='bbox 739 2512 878 2575; x_wconf 79' lang='lat' dir='ltr'><strong>exclusae</strong></span> <span class='ocrx_word' id='word_1_161' title='bbox 905 2517 1000 2586; x_wconf 81' lang='lat' dir='ltr'><strong>erant,</strong></span> <span class='ocrx_word' id='word_1_162' title='bbox 1027 2510 1141 2584; x_wconf 77' lang='lat' dir='ltr'><strong>Epirus</strong></span> 
     </span>
     <span class='ocr_line' id='line_1_22' title="bbox 138 2620 1139 2704; baseline -0.005 -22"><span class='ocrx_word' id='word_1_163' title='bbox 138 2628 229 2704; x_wconf 86' lang='lat' dir='ltr'><strong>atque</strong></span> <span class='ocrx_word' id='word_1_164' title='bbox 247 2623 447 2693; x_wconf 73' lang='lat' dir='ltr'><strong>Macedonio,</strong></span> <span class='ocrx_word' id='word_1_165' title='bbox 466 2624 498 2684; x_wconf 92' lang='lat' dir='ltr'><strong>iu</strong></span> <span class='ocrx_word' id='word_1_166' title='bbox 518 2625 581 2703; x_wconf 88' lang='lat' dir='ltr'><strong>ejus</strong></span> <span class='ocrx_word' id='word_1_167' title='bbox 594 2623 730 2704; x_wconf 83' lang='lat' dir='ltr'><strong>partibus</strong></span> <span class='ocrx_word' id='word_1_168' title='bbox 742 2625 786 2683; x_wconf 81' lang='lat' dir='ltr'><strong>ita</strong></span> <span class='ocrx_word' id='word_1_169' title='bbox 799 2624 994 2695; x_wconf 79' lang='lat' dir='ltr'><strong>referrentur,</strong></span> <span class='ocrx_word' id='word_1_170' title='bbox 1014 2626 1048 2678; x_wconf 85' lang='lat' dir='ltr'><strong>ui</strong></span> <span class='ocrx_word' id='word_1_171' title='bbox 1061 2620 1139 2695; x_wconf 82' lang='lat' dir='ltr'><strong>Epi-</strong></span> 
     </span>
     <span class='ocr_line' id='line_1_23' title="bbox 137 2731 1139 2811; baseline 0.001 -24"><span class='ocrx_word' id='word_1_172' title='bbox 137 2751 191 2790; x_wconf 82' lang='lat' dir='ltr'><strong>rus</strong></span> <span class='ocrx_word' id='word_1_173' title='bbox 215 2732 274 2811; x_wconf 79' lang='lat' dir='ltr'><strong>jum</strong></span> <span class='ocrx_word' id='word_1_174' title='bbox 299 2733 446 2792; x_wconf 78' lang='lat' dir='ltr'><strong>Herodoti</strong></span> <span class='ocrx_word' id='word_1_175' title='bbox 470 2739 570 2794; x_wconf 85' lang='lat' dir='ltr'><strong>aetate</strong></span> <span class='ocrx_word' id='word_1_176' title='bbox 596 2753 613 2793; x_wconf 92' lang='lat' dir='ltr'><strong>a</strong></span> <span class='ocrx_word' id='word_1_177' title='bbox 638 2735 788 2797; x_wconf 79' lang='lat' dir='ltr'><strong>nonnullis</strong></span> <span class='ocrx_word' id='word_1_178' title='bbox 814 2735 966 2793; x_wconf 74' lang='lat' dir='ltr'><strong>Graeciae</strong></span> <span class='ocrx_word' id='word_1_179' title='bbox 999 2731 1139 2790; x_wconf 87' lang='lat' dir='ltr'><strong>adnume-</strong></span> 
     </span>
     <span class='ocr_line' id='line_1_24' title="bbox 136 2840 1139 2925; baseline -0.002 -26"><span class='ocrx_word' id='word_1_180' title='bbox 136 2847 265 2917; x_wconf 84' lang='lat' dir='ltr'><strong>raretur,</strong></span> <span class='ocrx_word' id='word_1_181' title='bbox 284 2841 470 2901; x_wconf 81' lang='lat' dir='ltr'><strong>Macedonia</strong></span> <span class='ocrx_word' id='word_1_182' title='bbox 489 2845 618 2925; x_wconf 87' lang='lat' dir='ltr'><strong>posteris</strong></span> <span class='ocrx_word' id='word_1_183' title='bbox 638 2845 758 2905; x_wconf 88' lang='lat' dir='ltr'><strong>demum</strong></span> <span class='ocrx_word' id='word_1_184' title='bbox 785 2843 981 2923; x_wconf 84' lang='lat' dir='ltr'><strong>temporibus,</strong></span> <span class='ocrx_word' id='word_1_185' title='bbox 1008 2840 1045 2898; x_wconf 88' lang='lat' dir='ltr'><strong>do</strong></span> <span class='ocrx_word' id='word_1_186' title='bbox 1064 2840 1139 2909; x_wconf 81' lang='lat' dir='ltr'><strong>illo,</strong></span> 
     </span>
     <span class='ocr_line' id='line_1_25' title="bbox 136 2949 1138 3034; baseline -0.001 -23"><span class='ocrx_word' id='word_1_187' title='bbox 136 2970 208 3011; x_wconf 89' lang='lat' dir='ltr'><strong>num</strong></span> <span class='ocrx_word' id='word_1_188' title='bbox 226 2950 306 3012; x_wconf 86' lang='lat' dir='ltr'><strong>iorte</strong></span> <span class='ocrx_word' id='word_1_189' title='bbox 324 2952 402 3012; x_wconf 81' lang='lat' dir='ltr'><strong>hano</strong></span> <span class='ocrx_word' id='word_1_190' title='bbox 421 2973 541 3034; x_wconf 79' lang='lat' dir='ltr'><strong>quoqne</strong></span> <span class='ocrx_word' id='word_1_191' title='bbox 559 2959 673 3013; x_wconf 83' lang='lat' dir='ltr'><strong>terram</strong></span> <span class='ocrx_word' id='word_1_192' title='bbox 692 2954 899 3028; x_wconf 78' lang='lat' dir='ltr'><strong>Pelasgorum</strong></span> <span class='ocrx_word' id='word_1_193' title='bbox 919 2949 1020 3009; x_wconf 86' lang='lat' dir='ltr'><strong>sedem</strong></span> <span class='ocrx_word' id='word_1_194' title='bbox 1046 2950 1138 3010; x_wconf 86' lang='lat' dir='ltr'><strong>inisse</strong></span> 
     </span>
     <span class='ocr_line' id='line_1_26' title="bbox 136 3057 1137 3143; baseline -0.001 -22"><span class='ocrx_word' id='word_1_195' title='bbox 136 3061 299 3123; x_wconf 83' lang='lat' dir='ltr'><strong>memoriae</strong></span> <span class='ocrx_word' id='word_1_196' title='bbox 318 3061 472 3143; x_wconf 86' lang='lat' dir='ltr'><strong>proditum</strong></span> <span class='ocrx_word' id='word_1_197' title='bbox 491 3066 541 3137; x_wconf 86' lang='lat' dir='ltr'><strong>sit,</strong></span> <span class='ocrx_word' id='word_1_198' title='bbox 560 3062 620 3141; x_wconf 87' lang='lat' dir='ltr'><strong>jam</strong></span> <span class='ocrx_word' id='word_1_199' title='bbox 639 3062 697 3120; x_wconf 89' lang='lat' dir='ltr'><strong>hoo</strong></span> <span class='ocrx_word' id='word_1_200' title='bbox 716 3062 795 3136; x_wconf 84' lang='lat' dir='ltr'><strong>loeo,</strong></span> <span class='ocrx_word' id='word_1_201' title='bbox 820 3060 857 3118; x_wconf 87' lang='lat' dir='ltr'><strong>do</strong></span> <span class='ocrx_word' id='word_1_202' title='bbox 877 3057 939 3115; x_wconf 80' lang='lat' dir='ltr'><strong>hoo</strong></span> <span class='ocrx_word' id='word_1_203' title='bbox 963 3066 1069 3140; x_wconf 83' lang='lat' dir='ltr'><strong>postea</strong></span> <span class='ocrx_word' id='word_1_204' title='bbox 1093 3061 1137 3120; x_wconf 86' lang='lat' dir='ltr'><strong>vi·</strong></span> 
     </span>
     <span class='ocr_line' id='line_1_27' title="bbox 137 3168 1139 3252; baseline 0.001 -22"><span class='ocrx_word' id='word_1_205' title='bbox 137 3169 280 3233; x_wconf 76' lang='lat' dir='ltr'><strong>deluimus.</strong></span> <span class='ocrx_word' id='word_1_206' title='bbox 324 3169 376 3247; x_wconf 77' lang='lat' dir='ltr'><strong>lit,</strong></span> <span class='ocrx_word' id='word_1_207' title='bbox 400 3173 428 3231; x_wconf 91' lang='lat' dir='ltr'><strong>si</strong></span> <span class='ocrx_word' id='word_1_208' title='bbox 452 3191 545 3252; x_wconf 82' lang='lat' dir='ltr'><strong>quarn</strong></span> <span class='ocrx_word' id='word_1_209' title='bbox 559 3178 691 3245; x_wconf 80' lang='lat' dir='ltr'><strong>¹terram,</strong></span> <span class='ocrx_word' id='word_1_210' title='bbox 717 3177 801 3232; x_wconf 85' lang='lat' dir='ltr'><strong>eerte</strong></span> <span class='ocrx_word' id='word_1_211' title='bbox 831 3168 962 3244; x_wconf 83' lang='lat' dir='ltr'><strong>Epirum</strong></span> <span class='ocrx_word' id='word_1_212' title='bbox 985 3170 1139 3248; x_wconf 79' lang='lat' dir='ltr'><strong>Pelasgos</strong></span> 
     </span>
     <span class='ocr_line' id='line_1_28' title="bbox 136 3280 1138 3362; baseline -0.008 -21"><span class='ocrx_word' id='word_1_213' title='bbox 136 3280 268 3341; x_wconf 84' lang='lat' dir='ltr'><strong>tonuisse</strong></span> <span class='ocrx_word' id='word_1_214' title='bbox 287 3287 416 3356; x_wconf 78' lang='lat' dir='ltr'><strong>constat,</strong></span> <span class='ocrx_word' id='word_1_215' title='bbox 435 3282 472 3340; x_wconf 91' lang='lat' dir='ltr'><strong>id·</strong></span> <span class='ocrx_word' id='word_1_216' title='bbox 486 3282 566 3362; x_wconf 84' lang='lat' dir='ltr'><strong>quod</strong></span> <span class='ocrx_word' id='word_1_217' title='bbox 585 3281 635 3349; x_wconf 82' lang='lat' dir='ltr'><strong>vel</strong></span> <span class='ocrx_word' id='word_1_218' title='bbox 660 3302 699 3343; x_wconf 83' lang='lat' dir='ltr'><strong>ex</strong></span> <span class='ocrx_word' id='word_1_219' title='bbox 723 3300 758 3341; x_wconf 90' lang='lat' dir='ltr'><strong>eo</strong></span> <span class='ocrx_word' id='word_1_220' title='bbox 785 3285 880 3361; x_wconf 80' lang='lat' dir='ltr'><strong>pulei,</strong></span> <span class='ocrx_word' id='word_1_221' title='bbox 905 3280 986 3360; x_wconf 84' lang='lat' dir='ltr'><strong>quod</strong></span> <span class='ocrx_word' id='word_1_222' title='bbox 1010 3280 1138 3340; x_wconf 67' lang='lat' dir='ltr'><strong>elarissi„</strong></span> 
     </span>
     <span class='ocr_line' id='line_1_29' title="bbox 136 3390 1139 3471; baseline -0.006 -20"><span class='ocrx_word' id='word_1_223' title='bbox 136 3409 219 3454; x_wconf 86' lang='lat' dir='ltr'><strong>mum</strong></span> <span class='ocrx_word' id='word_1_224' title='bbox 235 3391 427 3471; x_wconf 83' lang='lat' dir='ltr'><strong>antiquitatis</strong></span> <span class='ocrx_word' id='word_1_225' title='bbox 445 3391 608 3466; x_wconf 82' lang='lat' dir='ltr'><strong>oraculum,</strong></span> <span class='ocrx_word' id='word_1_226' title='bbox 628 3390 777 3451; x_wconf 83' lang='lat' dir='ltr'><strong>Dodonae</strong></span> <span class='ocrx_word' id='word_1_227' title='bbox 796 3390 1002 3464; x_wconf 83' lang='lat' dir='ltr'><strong>constitutum,</strong></span> <span class='ocrx_word' id='word_1_228' title='bbox 1020 3391 1139 3448; x_wconf 78' lang='lat' dir='ltr'><strong>Pelas--</strong></span> 
     </span>
     <span class='ocr_line' id='line_1_30' title="bbox 133 3499 1135 3589; baseline 0.003 -32"><span class='ocrx_word' id='word_1_229' title='bbox 133 3499 243 3576; x_wconf 77' lang='lat' dir='ltr'><strong>girum</strong></span> <span class='ocrx_word' id='word_1_230' title='bbox 267 3501 359 3565; x_wconf 74' lang='lat' dir='ltr'><strong>fluisse</strong></span> <span class='ocrx_word' id='word_1_231' title='bbox 384 3507 632 3589; x_wconf 49' lang='lat' dir='ltr'><strong>omues²veteres</strong></span> <span class='ocrx_word' id='word_1_232' title='bbox 661 3501 826 3582; x_wconf 75' lang='lat' dir='ltr'><strong>scriptores</strong></span> <span class='ocrx_word' id='word_1_233' title='bbox 850 3520 909 3560; x_wconf 91' lang='lat' dir='ltr'><strong>uno</strong></span> <span class='ocrx_word' id='word_1_234' title='bbox 934 3520 987 3560; x_wconf 90' lang='lat' dir='ltr'><strong>ore</strong></span> <span class='ocrx_word' id='word_1_235' title='bbox 1018 3501 1135 3560; x_wconf 85' lang='lat' dir='ltr'><strong>docent.</strong></span> 
     </span>
    </p>
   </div>
   <div class='ocr_carea' id='block_1_6' title="bbox 8 3592 1137 4018">
    <p class='ocr_par' dir='ltr' id='par_1_7' title="bbox 8 3592 1137 4018">
     <span class='ocr_line' id='line_1_31' title="bbox 8 3592 1137 3690; baseline 0.003 -23"><span class='ocrx_word' id='word_1_236' title='bbox 8 3642 16 3659; x_wconf 66' lang='grc' dir='ltr'><strong><em>ι</em></strong></span> <span class='ocrx_word' id='word_1_237' title='bbox 76 3592 80 3597; x_wconf 50' lang='grc'><strong>’</strong></span> <span class='ocrx_word' id='word_1_238' title='bbox 134 3605 232 3669; x_wconf 77' lang='lat' dir='ltr'><strong>loona</strong></span> <span class='ocrx_word' id='word_1_239' title='bbox 250 3608 368 3684; x_wconf 87' lang='lat' dir='ltr'><strong>horum,</strong></span> <span class='ocrx_word' id='word_1_240' title='bbox 389 3608 495 3689; x_wconf 85' lang='lat' dir='ltr'><strong>quibus</strong></span> <span class='ocrx_word' id='word_1_241' title='bbox 515 3631 607 3690; x_wconf 87' lang='lat' dir='ltr'><strong>quum</strong></span> <span class='ocrx_word' id='word_1_242' title='bbox 625 3612 854 3686; x_wconf 80' lang='lat' dir='ltr'><strong>Epiroticorum</strong></span> <span class='ocrx_word' id='word_1_243' title='bbox 879 3612 1044 3685; x_wconf 81' lang='lat' dir='ltr'><strong>nationum,</strong></span> <span class='ocrx_word' id='word_1_244' title='bbox 1070 3617 1137 3670; x_wconf 85' lang='lat' dir='ltr'><strong>tum</strong></span> 
     </span>
     <span class='ocr_line' id='line_1_32' title="bbox 135 3716 1135 3802; baseline 0.005 -26"><span class='ocrx_word' id='word_1_245' title='bbox 135 3716 297 3777; x_wconf 81' lang='lat' dir='ltr'><strong>Dodonaei</strong></span> <span class='ocrx_word' id='word_1_246' title='bbox 316 3717 432 3781; x_wconf 82' lang='lat' dir='ltr'><strong>oraeuli</strong></span> <span class='ocrx_word' id='word_1_247' title='bbox 454 3720 538 3800; x_wconf 75' lang='lat' dir='ltr'><strong>origo</strong></span> <span class='ocrx_word' id='word_1_248' title='bbox 562 3720 736 3798; x_wconf 79' lang='lat' dir='ltr'><strong>Pelasgioa</strong></span> <span class='ocrx_word' id='word_1_249' title='bbox 765 3721 919 3802; x_wconf 86' lang='lat' dir='ltr'><strong>probatur,</strong></span> <span class='ocrx_word' id='word_1_250' title='bbox 945 3721 1051 3781; x_wconf 83' lang='lat' dir='ltr'><strong>afferre</strong></span> <span class='ocrx_word' id='word_1_251' title='bbox 1075 3742 1135 3783; x_wconf 90' lang='lat' dir='ltr'><strong>non</strong></span> 
     </span>
     <span class='ocr_line' id='line_1_33' title="bbox 135 3825 1134 3913; baseline 0.009 -27"><span class='ocrx_word' id='word_1_252' title='bbox 135 3829 256 3902; x_wconf 80' lang='lat' dir='ltr'><strong>attinet,</strong></span> <span class='ocrx_word' id='word_1_253' title='bbox 277 3829 392 3889; x_wconf 83' lang='lat' dir='ltr'><strong>suffieit</strong></span> <span class='ocrx_word' id='word_1_254' title='bbox 409 3825 569 3892; x_wconf 77' lang='lat' dir='ltr'><strong>lectorem</strong></span> <span class='ocrx_word' id='word_1_255' title='bbox 588 3830 627 3890; x_wconf 83' lang='lat' dir='ltr'><strong>sd</strong></span> <span class='ocrx_word' id='word_1_256' title='bbox 646 3829 811 3891; x_wconf 78' lang='lat' dir='ltr'><strong>Niebuhrii</strong></span> <span class='ocrx_word' id='word_1_257' title='bbox 829 3831 939 3905; x_wconf 82' lang='lat' dir='ltr'><strong>librum</strong></span> <span class='ocrx_word' id='word_1_258' title='bbox 958 3850 1048 3913; x_wconf 84' lang='lat' dir='ltr'><strong>saepe</strong></span> <span class='ocrx_word' id='word_1_259' title='bbox 1074 3833 1134 3895; x_wconf 90' lang='lat' dir='ltr'><strong>lau·</strong></span> 
     </span>
     <span class='ocr_line' id='line_1_34' title="bbox 135 3936 537 4018; baseline 0.01 -22"><span class='ocrx_word' id='word_1_260' title='bbox 135 3937 238 3997; x_wconf 81' lang='lat' dir='ltr'><strong>(latum</strong></span> <span class='ocrx_word' id='word_1_261' title='bbox 257 3936 398 4018; x_wconf 62' lang='lat' dir='ltr'><strong>delegare</strong></span> <span class='ocrx_word' id='word_1_262' title='bbox 422 3938 477 4018; x_wconf 81' lang='lat'>¹²).</span> <span class='ocrx_word' id='word_1_263' title='bbox 499 3971 537 3984; x_wconf 86' lang='lat'><strong>-·</strong></span> 
     </span>
    </p>
   </div>
   <div class='ocr_carea' id='block_1_7' title="bbox 0 0 1288 4672">
    <p class='ocr_par' dir='ltr' id='par_1_8' title="bbox 0 0 1288 4672">
     <span class='ocr_line' id='line_1_35' title="bbox 0 0 1288 4672; baseline 0 1"><span class='ocrx_word' id='word_1_264' title='bbox 0 0 1288 4672; x_wconf 95' lang='lat' dir='ltr'><strong> </strong></span> 
     </span>
    </p>
   </div>
  </div>
 </body>
</html>
