2566 4672
334 275 675 367 «51,-

34 442 169 533 fuisse,
201 468 249 517 ex
282 454 447 520 veterum
477 441 694 544 scriptorum
726 449 945 530 testimoniis
975 464 1034 533 sat

32 574 158 665 multis
185 601 227 651 ac
253 576 365 652 {imnis
392 573 577 650 efficiatur.
604 618 656 636 ·-

110 856 157 930 Ex
176 877 312 932 veterum
336 868 515 947 scriptorum
538 863 630 942 locis,
659 869 711 946 qui
739 869 778 931 de
808 891 918 953 genere
943 880 1034 956 etque

32 979 148 1058 origine
167 999 273 1040 corum
290 975 469 1057 populorum
488 980 651 1053 exponunt,
671 977 724 1055 qui
741 979 858 1038 Asiam
875 984 1034 1055 minorem,

33 1107 109 1167 qnae
128 1094 270 1160 vocetur,
290 1084 450 1156 tenebant,
470 1082 504 1141 id
521 1081 607 1143 nobis
627 1082 707 1144 effici
725 1087 863 1164 videtur,
882 1097 918 1150 ut
936 1091 1032 1153 sltem

33 1194 141 1257 horum
160 1214 245 1277 pers,
265 1193 381 1266 eidem,
406 1190 456 1277 cui
474 1190 566 1264 Syri,
590 1189 686 1252 altere
704 1196 753 1253 cui
776 1194 929 1268 Thraces,
947 1200 1033 1280 genti

33 1302 245 1363 edoctibendac
258 1302 328 1362 sint.
354 1296 402 1358 Ex
421 1317 480 1378 quo
499 1295 545 1371 fit,
564 1303 608 1373 ut,
628 1319 719 1378 quum
735 1299 869 1363 Thraces
880 1305 1033 1384 Pelasgos

32 1411 126 1471 iisse
145 1412 382 1471 demonstratum
400 1407 456 1481 eit,
483 1423 557 1485 ques
578 1405 692 1464 Asiam
710 1409 876 1474 incolentes
893 1415 1031 1476 nationes

39 1516 169 1575 Thracii
181 1490 295 1599 genesis
306 1517 399 1576 fuisse
412 1514 510 1576 evinci
522 1514 628 1594 possit,
648 1515 687 1575 ad
699 1518 818 1578 easdem
828 1521 1033 1598 Pelasgieom

32 1646 128 1708 genus
146 1627 296 1706 pertinere
316 1622 537 1685 decemeudum
556 1623 605 1682 eit.
633 1622 749 1704 Itaque,
768 1627 821 1707 qui
838 1626 961 1703 fuerint,
981 1631 1032 1710 qni

31 1752 49 1795 e
67 1735 220 1795 veteribus
239 1732 434 1814 scriptoribus
453 1731 570 1810 generis
587 1733 761 1794 societatem
774 1755 843 1795 cum
860 1736 1032 1797 Thracibus

30 1843 170 1904 habumse
183 1845 330 1917 dicantur,
349 1841 393 1900 ita
411 1839 622 1918 inquirendum
635 1842 754 1901 videtur
767 1863 843 1916 esse,
856 1850 900 1918 ut,
915 1845 940 1904 si
953 1863 1030 1924 ques

30 1952 90 2011 alin
100 1959 285 2033 argumente,
296 1950 401 2030 quibus
414 1947 470 2007 hos
481 1946 609 2027 populos
621 1948 653 2006 in
663 1969 788 2011 numero
796 1950 1030 2029 Pelasgioorum

28 2061 206 2120 referendos
226 2079 291 2120 esso
311 2057 495 2133 desumus,
513 2055 600 2116 nobis
620 2057 799 2136 offerantur,
821 2077 857 2121 ce
876 2060 1027 2143 haudque·

26 2189 121 2250 quam
140 2163 329 2250 negligamus

105 2284 132 2340 1.
160 2275 305 2353 Phryges
328 2275 400 2355 quin
425 2293 463 2334 cx
486 2274 608 2335 illorum
625 2293 750 2336 numero
769 2275 892 2354 fuerint,
911 2279 962 2340 vix
982 2286 1029 2340 est

29 2386 111 2466 quod
134 2385 269 2464 dubites,
298 2403 391 2465 quum
416 2403 519 2442 omnes
544 2384 729 2464 antiquitatis
758 2387 920 2467 scriptores
949 2408 1028 2448 com·

28 2496 114 2555 muni
132 2514 278 2554 consensu
303 2493 439 2566 madent,
463 2489 624 2567 Phryges,
650 2493 702 2571 qui
728 2500 818 2555 antea
841 2496 957 2569 Briges
981 2495 1031 2554 vel

29 2603 152 2679 Breges
168 2603 217 2663 vei
235 2602 336 2676 Bregi
354 2601 454 2660 vocati
474 2606 589 2672 essent,
609 2600 764 2677 trajecisse
784 2618 823 2659 ex
839 2599 979 2658 Thracia
992 2631 1030 2645 -

30 2716 65 2770 et
84 2688 124 2770 eii
141 2730 177 2770 ee
195 2710 317 2790 quidem
335 2715 437 2787 purte,
463 2709 512 2767 cui
531 2713 600 2784 post
619 2705 822 2763 Macedoniae
841 2726 951 2768 nomen
969 2709 1028 2770 fac·

28 2825 98 2878 tum
116 2825 163 2878 eet
180 2849 219 2863 -
237 2821 269 2879 in
280 2818 412 2885 Asiam,
431 2816 485 2875 ubi
502 2833 613 2873 nomen
632 2833 736 2873 eorum
755 2814 786 2872 in
801 2814 947 2892 Phryges
964 2838 1027 2880 mu.

27 2932 130 2987 tatum
146 2946 211 2988 esee
224 2925 262 3004 ¹).
291 2926 449 2987 Accedunt
469 2924 560 2984 etiam
579 2922 651 2996 alia,
672 2921 778 3001 quibus
791 2926 940 2987 sententia
953 2928 1029 2991 haec

27 3034 239 3111 confirmatur,
259 3053 317 3115 qua
331 3032 474 3110 Phryges
492 3032 531 3092 ad
553 3031 725 3089 Thraciam
742 3032 844 3112 itaque
860 3034 899 3095 ad
916 3034 1029 3095 Pelas-

23 3146 137 3222 gisam
155 3151 276 3226 gentem
294 3142 467 3204 referendos
493 3161 558 3202 esse
579 3161 748 3201 censemus:
774 3145 939 3207 communis
964 3153 1029 3208 tum

26 3251 155 3310 Bacchi
180 3253 294 3327 cultus,
320 3271 410 3330 quem
438 3248 575 3308 Thraces
598 3253 713 3331 pariter
737 3269 773 3312 ac
800 3252 946 3332 Phryges
974 3255 1028 3315 sub

27 3358 159 3418 Sabaeo·
176 3362 298 3420 nomine
317 3360 444 3420 coluisse
463 3359 607 3419 traditum
626 3366 687 3434 est,
706 3365 772 3421 tum
789 3364 937 3437 Magnae
950 3364 1028 3418 Ma-

26 3469 88 3524 tris
94 3507 107 3536 ,
122 3469 183 3547 ‘qui
210 3471 291 3529 inter
319 3471 400 3548 ipsos
425 3466 569 3544 Phryges
597 3474 681 3526 ortus
711 3488 777 3529 esse
806 3469 933 3540 dicitur,
963 3472 1029 3524 tum

24 3576 191 3657 praecipue
229 3576 409 3635 Cobirorum
424 3574 469 3652 ²),
506 3595 596 3656 quem
634 3573 839 3653 Pelasgorum
872 3571 1029 3654 proprium

25 3683 138 3759 fuisse,
156 3685 328 3743 Herodotus
346 3660 454 3765 prodit

105 3801 133 3854 2.
164 3796 269 3868 Mysi,
288 3813 381 3873 quum
400 3793 436 3851 ab
455 3787 604 3848 Herodoto
621 3783 688 3849 τῶν
707 3779 830 3850 Λυδῶν
850 3777 983 3846 ἄποικοι
996 3784 1030 3875 ⁸)

24 3899 238 3974 nominentur-2
262 3916 298 3959 ea
323 3917 357 3958 ne
383 3891 458 3956 nihil
484 3891 565 3950 eliud
586 3893 773 3970 declaratur,
797 3894 855 3954 nisi
879 3892 935 3956 hos
954 3893 1029 3960 duos

579 4015 587 4022 .
687 4000 730 4060 4.
