2566 4672
474 269 750 341 ...4-

119 439 196 498 nullo
229 437 393 496 eommunis
425 437 554 497 civitatis
586 440 706 500 viuculo
740 443 892 520 conjuncti
924 418 1121 527 copulatiqne¹

118 553 245 618 essent,·
258 545 375 625 lingua,
402 545 560 621 institutis,
580 547 694 628 legibus
714 552 794 610 inter
816 573 847 612 se
869 554 1055 616 differebant.
1075 555 1120 616 Ut

117 657 208 737 igilur
226 653 389 714 verisimile
410 662 470 730 est,
492 655 603 716 incolas
624 659 704 738 ipsos
725 660 847 740 singulis
872 665 1041 743 regionibus
1064 686 1118 725 uo-

104 760 194 827 'mina
215 785 253 824 ax
272 764 332 825 suis
352 765 484 844 ipsorum
504 764 592 823 dueta
611 768 769 842 indidisse,
796 772 839 829 sie
858 770 925 833 lieri
939 776 989 836 vix
1007 778 1120 857 potuit,

118 879 189 956 quin
217 875 331 932 Graeci
356 893 394 932 ex
418 872 604 947 nominibus,
625 897 701 954 quae
727 876 850 957 singulis
876 885 1010 963 populis,
1031 907 1119 965 quos,

117 1008 206 1066 quum
237 984 365 1062 primum
394 983 424 1040 in
444 981 578 1040 inferiori
608 989 706 1044 terrae
736 993 821 1066 parte
852 990 937 1049 sedes
967 993 1118 1056 collocare

118 1098 296 1172 coeperunt,
322 1109 388 1148 oras
416 1090 579 1149 maritimas
606 1099 710 1153 tenere
742 1103 929 1174 compertum
954 1099 1117 1177 habebant,

117 1204 248 1262 tribuere
274 1204 507 1272 consueverant,
533 1200 660 1279 singulas
680 1209 779 1262 terrae
799 1211 900 1283 partes
920 1209 1116 1286 appellarent.

117 1313 185 1391 Quo
206 1309 317 1369 sactum
338 1314 399 1378 est,
419 1313 452 1364 ut
467 1306 654 1386 perimulae,
667 1331 743 1389 quae
764 1313 996 1393 septentrionem
1011 1336 1115 1375 versus

117 1420 223 1486 Pado,
251 1416 436 1475 occidentem
462 1434 563 1472 versus
585 1416 701 1474 ⁶llurra
721 1421 812 1480 ll'uvio
832 1421 950 1494 finitur,
970 1423 1023 1481 has
1043 1442 1114 1501 pro.

115 1539 187 1619 priis
207 1517 374 1593 nominibus
394 1531 545 1608 insignitas
564 1538 660 1591 terras
675 1536 905 1616 distinguerent:
932 1518 1118 1612 θῖνίθϊρῖᾱν

111 1637 284 1757 :laetitiam
305 1630 476 1702 Αὐσονίαν
495 1631 654 1719 ’θπικιξν,
677 1639 874 1732 (Ouanias),
914 1642 1117 1733 Τυῤῥηνιάν,

131 1751 523 1848 Ομβρικήν,’]απυ)’ίαν.
569 1767 679 1828 Terrae
706 1781 822 1846 autem,
843 1793 918 1851 quae
948 1793 966 1831 a
997 1776 1116 1831 Maera

118 1885 209 1943 durio
229 1881 267 1940 ad
292 1874 481 1935 Rhodanum
507 1881 548 1932 et
563 1875 643 1935 ultra
661 1881 848 1957 pertinebat,
868 1882 979 1961 quippe
999 1882 1035 1941 ab
1055 1904 1123 1943 uno

118 2002 276 2075 Ligurum
324 1978 404 2068 (τῶν
434 1975 586 2061 Λιγύων)
615 1992 727 2071 populo
756 1994 925 2070 habitatae,
958 2017 1116 2059 commune

116 2097 320 2189 Λιγυστικῆὂ
345 2131 456 2171 nomen
481 2108 697 2182 attribuebant,
723 2112 853 2169 Venetos
876 2111 1002 2187 Illyriai
1021 2114 1114 2173 aduu-

117 2225 279 2288 merabant.
300 2221 399 2302 Quam
410 2219 631 2278 distinctionem
651 2219 741 2279 etiam
754 2225 818 2280 tum
831 2220 1010 2294 retinebant,
1025 2242 1114 2300 qumn

118 2338 178 2416 jem
196 2331 318 2394 mutatis
337 2338 486 2389 terrarum
505 2326 610 2385 ineolis
631 2312 731 2386 rerum
752 2329 915 2388 conditioni
935 2335 1006 2409 apta
1026 2337 1054 2389 el
1068 2351 1112 2390 ar-

120 2442 306 2507 eommodata
327 2459 391 2498 esse
412 2437 549 2497 desierat.
572 2435 600 2510 ¹)

195 2586 264 2646 Non
288 2570 450 2644 audiendus
475 2583 583 2662 igitur,
611 2581 726 2641 etiamsi
752 2583 900 2642 sententia
926 2585 989 2663 ejus
1009 2606 1064 2665 per
1083 2608 1115 2647 se

120 2699 216 2757 minus
237 2701 315 2756 esset
335 2696 452 2774 inepta,
473 2693 659 2767 Dionysius,
680 2692 730 2772 qni
750 2692 860 2765 tradit,
881 2701 949 2753 ante
970 2697 1117 2754 Herculis

118 2813 256 2884 tempora
273 2822 409 2876 omnem,
430 2804 478 2862 eui
498 2809 603 2880 postea
623 2802 728 2862 Italia
741 2817 850 2858 nomen
864 2801 967 2860 datum
986 2805 1034 2876 sit,
1054 2813 1112 2864 ter.

118 2935 181 2974 ram
203 2933 219 2971 a
240 2913 369 2972 Graecis
387 2912 571 2983 Hesperiam
585 2917 615 2969 et
634 2911 818 2980 Ausoniam,
839 2909 875 2965 ab
888 2909 1044 2982 indigeriis
1057 2913 1109 2968 Sa.
1165 2980 1169 2987 Ι

117 3010 257 3078 tiernium
277 3040 341 3078 esse
362 3017 541 3099 appellatam
563 3015 599 3091 ²).
640 3016 701 3074 Sed
721 3016 758 3075 de
784 3016 830 3073 his
849 3014 1017 3076 nominibus
1038 3018 1114 3082 baee

118 3131 219 3208 polius
238 3129 377 3189 videntur
397 3147 461 3187 esse
482 3125 646 3185 statuenda.

193 3277 361 3350 Hesperiae
386 3292 495 3330 nomen
521 3274 557 3332 de
585 3284 651 3329 tatu
680 3275 786 3331 Italia
814 3279 950 3356 usurpari
980 3277 1112 3356 quidem,

120 3389 172 3448 sed
199 3383 337 3464 usurpari
366 3399 383 3439 a
408 3378 509 3454 po'e'tis
538 3384 665 3440 Letiuie
693 3384 733 3441 ad
761 3385 931 3465 exemplum
955 3393 1110 3468 potiturum

120 3499 308 3556 Graecorum
334 3489 574 3570 deperditarum,
600 3511 691 3568 quum
716 3491 748 3548 in
774 3494 963 3552 Graecorum
983 3497 1111 3574 seriptis,

48 3687 52 3694 Δ
120 3623 195 3684 quae
221 3608 351 3662 aetatem
370 3597 510 3671 tulerint,
531 3584 680 3660 rarissime
700 3601 831 3680 legatur,
852 3602 1042 3660 diebubruw
1061 3603 1103 3662 do.

38 3749 42 3759 ι
119 3715 188 3772 enit.
212 3710 250 3788 ⁴).
288 3708 415 3786 Proprie
440 3707 555 3764 Graeci
580 3709 634 3767 sub
659 3709 717 3769 boe
741 3713 877 3783 nomine,
904 3711 941 3767 ad
966 3711 1112 3788 originem

119 3823 181 3899 ejus
201 3818 435 3889 accommodate,
455 3835 557 3875 omnes
577 3821 683 3887 terras,
703 3839 780 3897 quae
801 3819 988 3879 occidentem
1007 3839 1111 3881 versus

117 3949 133 3988 a
154 3930 291 3986 Graecia
311 3928 385 3986 sitae
404 3930 501 3998 erant,
521 3927 806 4006 complectebantur,
827 3927 928 4004 itaque
948 3927 1065 3984 ltaliae
1080 3937 1112 3990 et
1143 3986 1145 3990 ,
