2566 4672
524 274 800 348 ..14-

163 443 231 518 erit,
251 461 302 502 eoa
320 459 381 501 non
401 440 474 501 duaa
494 442 627 523 eiusdem
645 446 742 524 gentle
761 452 874 527 partes,
894 449 947 508 eorl
966 469 1065 508 unam
1083 473 1169 511 aan-

160 550 284 631 demam
310 552 471 609 nationem
501 552 600 615 inissa
638 553 729 632 Quod
758 562 792 614 nl
817 556 1011 639 intelligatur,
1031 563 1167 641 primunr

160 665 281 722 etanta
301 662 581 723 omniatenantlnm
601 669 657 736 est,
681 664 761 744 quod
787 665 861 724 item
885 668 964 727 infra
989 669 1083 729 insius
1110 692 1167 749 ox-

157 768 328 852 plieabitur,
357 768 536 848 errbenoa'
559 770 637 846 illos,
667 774 720 853 qui
750 750 898 847 dicuutur,
930 797 991 838 non
1025 779 1166 844 diversos

157 879 248 942 inissa
269 899 286 940 a
305 879 429 949 Siculis,
448 878 502 939 aad
525 879 646 940 nomina
670 880 905 957 „Tyrrhenns“
926 892 958 946 et
982 889 1163 956 „Sirenum

155 991 243 1052 unius
262 988 455 1070 ejusdemque
472 987 577 1069 populi
596 988 698 1064 luisse,
721 989 764 1051 ita
782 997 827 1066 ut,
847 1012 939 1072 quum
952 995 1070 1054 Siculos
1089 1019 1162 1060 ean.

155 1099 225 1159 dem
242 1097 333 1157 inisse
351 1096 504 1158 nationem
523 1102 614 1178 atque
633 1097 734 1157 Italos
752 1099 987 1180 probaverimus,
1008 1106 1090 1166 idom
1117 1108 1158 1170 (le

156 1202 327 1283 Tyrrhenia
346 1205 486 1264 effectum
505 1204 553 1267 sit.
592 1205 684 1286 Quod
703 1213 807 1267 autem
826 1209 865 1267 ad
889 1208 971 1270 illam
995 1232 1059 1272 rem
1085 1218 1157 1277 atti-

152 1320 216 1390 net,
235 1312 392 1384 „Italas‘
413 1318 445 1372 et
457 1311 633 1382 „Siculam
651 1315 749 1377 varias
768 1319 885 1376 tantum
907 1319 1040 1397 ejusdem
1058 1325 1156 1382 nomi-

149 1425 198 1486 nis
217 1421 332 1505 species
350 1420 502 1482 habendas
521 1430 597 1497 esse,
617 1442 792 1504 persuasum
810 1423 884 1488 mibi
897 1432 952 1489 est.
990 1426 1059 1489 Non
1071 1430 1153 1489 onim

152 1534 273 1600 ridetur
291 1531 395 1614 negari
413 1550 512 1614 posse,
531 1531 638 1610 quibus
657 1535 753 1594 Italia
771 1555 882 1598 nomen
903 1537 1004 1613 inerit,
1031 1536 1154 1598 eosdem

53 1634 56 1639 ¹
150 1644 315 1728 antiquitus
333 1641 456 1704 Vitatur
473 1638 524 1698 vel
536 1641 653 1701 Viteloa
664 1642 725 1720 vel,
739 1646 764 1706 si
775 1647 880 1722 mavis,
893 1646 1034 1715 Vitelc'os,
1048 1645 1152 1706 Vitel-

149 1754 207 1816 lios
223 1753 316 1817 inisse
334 1754 531 1834 nuncupatos,
551 1772 644 1832 quum
662 1772 724 1815 non
750 1755 848 1815 solnm
879 1754 1026 1835 probabili
1052 1756 1152 1834 conje-

149 1874 244 1944 ctura,
257 1863 310 1935 aad
328 1863 402 1944 ipsis
420 1865 558 1923 veterum
576 1863 757 1943 scriptorum
774 1864 953 1924 {estimoniis
967 1863 1064 1923 evinci
1082 1885 1151 1944 pos-

54 1963 61 1969 *
147 1976 198 2050 sit,
229 1977 340 2048 terrae,
379 1989 470 2053 quam
501 1970 698 2049 obtinuerint,
726 1971 851 2054 praeter
878 1972 999 2032 Italiae
1027 1993 1152 2049 noman,

147 2084 238 2146 etiam
258 2072 396 2152 Virdio,
417 2081 536 2141 Viatia
555 2080 606 2143 vel
625 2081 777 2141 Vitalium
795 2081 896 2142 [trisse.
942 2081 1029 2160 Quae
1055 2066 1148 2163 quum

145 2195 189 2256 ita
208 2193 279 2269 sint,
297 2209 407 2254 avaro
426 2191 549 2253 minime
573 2188 715 2257 aberrare
746 2189 826 2252 mihi
851 2190 968 2265 videor,
1001 2192 1027 2251 si
1053 2194 1145 2272 conji-

145 2304 233 2379 ciam,
261 2321 365 2364 voees.
382 2300 541 2372 „Italua“
569 2307 601 2363 et
625 2302 781 2390 ‚‚Italia“
805 2299 953 2385 principio
984 2299 1147 2378 digamma

143 2411 293 2489 habuisse,
313 2411 394 2492 qnod
413 2411 523 2471 dieitur
541 2409 713 2471 Aeolicum.
750 2409 787 2470 In
804 2409 909 2490 vulgus
934 2409 1014 2468 euim
1039 2416 1145 2470 uotum

144 2529 200 2600 ert,
231 2522 291 2583 hoo
319 2521 529 2604 progrediente
557 2525 695 2600 tempore
723 2518 774 2582 vel
801 2519 834 2579 in
858 2518 931 2579 alias
965 2516 1082 2578 litteras
1112 2526 1143 2579 et

143 2632 224 2714 apud
242 2632 374 2690 Latinos
392 2631 552 2713 praecipue
573 2631 605 2690 in
623 2628 654 2690 V
671 2629 804 2692 litteram
828 2629 991 2704 transiisse,
1010 2630 1061 2689 vel
1081 2649 1143 2689 om-

139 2741 213 2802 nino
247 2760 313 2800 esse
354 2739 504 2799 omissum.
557 2740 663 2821 Itaque
697 2761 737 2802 ex
776 2732 924 2811 Ριταλός
945 2743 977 2798 et
995 2732 1143 2803 Feralia

139 2854 205 2910 tum
225 2847 354 2908 Vitalm
373 2853 404 2908 et
424 2845 560 2923 Vitalia,
578 2854 644 2908 tum
662 2849 768 2909 Italas
788 2856 819 2909 et
831 2849 933 2908 Italia
952 2852 1028 2906 orta.
1041 2879 1079 2888 —
1098 2847 1142 2907 At

139 2978 222 3035 vero,
243 2957 323 3017 dicat
339 2955 469 3016 fortasse
488 2955 605 3034 aliquis,
617 2963 653 3016 ut
664 2975 737 3017 vara
756 2956 832 3016 haee
845 2957 914 3030 siut,
934 2953 1006 3032 quid
1026 2953 1062 3011 ad
1075 2975 1142 3020 rem

138 3067 262 3141 iaciunt,
277 3072 309 3126 et
327 3065 379 3146 qui
392 3085 431 3125 ex
438 3063 486 3124 his
506 3065 648 3139 eiiioitur,
669 3071 713 3141 nt,
727 3085 804 3145 quae
816 3063 866 3125 vel
878 3062 1007 3122 maxime
1022 3061 1138 3124 diversa

138 3195 204 3236 esse
232 3175 401 3248 videantur,
432 3173 537 3233 eadem
565 3174 625 3234 sint
652 3174 808 3234 Italorum
837 3179 868 3232 et
896 3171 1067 3229 Siculorum
1085 3191 1136 3230 no·

137 3283 237 3345 mina?
256 3315 295 3326 -
313 3282 400 3343 Licet
418 3282 588 3358 videantur,
607 3303 669 3343 non
688 3285 758 3343 sunt
775 3288 877 3342 tamen
901 3281 976 3340 haec
1001 3281 1098 3340 aliana
1118 3297 1135 3339 a

137 3393 292 3476 proposito
311 3398 425 3466 nostro,
445 3392 498 3452 sed
517 3392 632 3453 faciunt
650 3383 771 3451 omnino
791 3390 829 3450 ad
848 3376 1136 3469 sententiant‚qnanr

136 3503 170 3564 in
188 3502 320 3564 medinm
337 3500 526 3582 protulimus,
545 3500 738 3584 probandam.
775 3499 852 3562 Nam
871 3512 962 3582 quum
981 3502 1052 3560 satis
1066 3518 1134 3557 oon-

135 3616 208 3687 atet,
236 3612 379 3687 spiritum
403 3628 545 3686 asperum
574 3609 737 3671 multorum
764 3609 919 3670 nominum
947 3612 1135 3668 Graecorum

136 3740 315 3782 conversum
340 3739 406 3781 esso
429 3719 462 3780 in
486 3712 673 3778 Latinorum
697 3716 720 3779 S
744 3718 887 3793 litteram,
914 3734 1064 3796 quumque
1083 3735 1133 3775 ve-

135 3829 297 3904 rissimum,
317 3828 396 3908 quod
416 3828 454 3887 tle
473 3829 680 3906 Digammate
698 3828 823 3888 Aeolica
842 3824 945 3887 doceri
957 3824 1061 3903 possit,
1075 3823 1133 3884 hoe

136 3956 202 4002 aare
220 3938 368 4016 videatur,
388 3937 479 3998 inisse
498 3937 574 4000 ittut
590 3936 742 4019 spiritum,
761 3945 794 3999 ut
814 3938 857 3996 ita
871 3935 979 4004 dicam,
998 3934 1132 4005 operri-
