2566 4672
533 293 809 368 ...60-

176 480 275 526 sorum
294 460 404 544 purtim
423 464 610 523 continentis
628 464 731 538 terris,
760 460 834 522 alios
853 463 934 540 aliis,
953 465 1065 545 potitos
1084 484 1167 540 esse,

172 573 282 653 partim
300 571 451 652 dispersos
471 593 536 633 esse
556 575 588 633 iu
605 571 733 629 insulas.
772 569 909 648 Quorum
929 573 1003 632 alios
1021 574 1053 631 in
1072 573 1166 631 Creta

171 680 269 741 insula
287 680 373 742 sedes
393 681 555 742 collocasse
574 679 681 752 refert,
706 677 780 738 alios
799 680 987 755 Cycladum,
1013 701 1089 761 quae
1114 701 1164 741 vo-

171 796 294 867 cantur,
323 789 486 849 insularum
503 787 657 849 nonnullas
677 805 853 866 occupasse,
877 797 994 870 partem
1013 789 1167 847 Eiebaeom

171 898 335 981 trajecisse,
353 904 471 978 partem
489 903 524 955 ut
541 896 636 968 ipsias
653 912 723 950 arae
736 894 898 954 Asiaticae
917 898 984 957 loca
997 919 1057 958 non
1071 917 1164 978 pauca

172 1006 216 1067 ita
232 1006 353 1066 insulas
371 1004 444 1061 huie
460 1003 639 1074 finitimas,
662 1002 742 1060 inter
766 1000 819 1062 has
838 1004 989 1073 Lesbum,
1015 1007 1072 1066 sibi
1098 1005 1165 1065 sub·

168 1113 283 1189 iecisse.
319 1111 360 1171 ut
378 1112 503 1168 Cretam
521 1109 642 1187 quidem
661 1109 823 1187 antiquitus
838 1112 1045 1186 Pelasgorum
1064 1115 1166 1174 sedem

167 1218 270 1292 inisse,
289 1217 381 1277 ctiam
399 1216 465 1276 aliis
484 1217 653 1276 declaratur
663 1217 797 1296 vestigiis
816 1235 851 1275 ac
870 1219 1056 1280 testimoniis.
1088 1222 1167 1282 Nam

167 1331 289 1409 peaes
307 1326 452 1383 Larissae
470 1323 553 1385 urbis
572 1327 604 1384 in
621 1323 678 1384 hac
696 1330 778 1385 terra
796 1326 912 1405 positae
932 1344 949 1384 a
969 1325 1116 1384 Strabone
1133 1329 1164 1404 ²)

168 1436 279 1497 lacum
296 1436 495 1510 mentionem,
513 1434 682 1490 Homerum
705 1434 738 1493 in
761 1453 886 1494 numero
909 1432 1074 1494 incolarum
1100 1437 1166 1514 ejus

169 1547 281 1610 diserte
295 1544 448 1622 Pelasgos
464 1560 611 1624 reponere
630 1543 774 1604 videmm.
812 1543 956 1605 'senuisse
976 1543 1055 1604 euim
1074 1549 1165 1623 poeta

170 1661 275 1718 auctor
294 1660 341 1717 est
357 1653 436 1716 hanc
454 1650 674 1712 insulnm'uevo
691 1653 827 1725 Trojano
846 1651 1002 1722 Achaeos,
1021 1652 1164 1710 Eleocre-

166 1774 290 1835 ‘tenses,
319 1761 453 1840 Cydoneo
462 1801 474 1830 ,
508 1761 692 1829 Dorienses,
721 1761 870 1838 Pelasgos
892 1759 929 1838 ⁸).
972 1759 1040 1820 Jum
1072 1761 1098 1819 si
1127 1759 1164 1820 ab

170 1870 311 1931 Achaeis
328 1875 361 1932 ct
378 1854 579 1928 Dorieasu'bus
597 1869 784 1944 discesseris,
810 1888 885 1952 qnos
903 1872 1025 1951 postero
1046 1869 1166 1942 demum

166 1984 306 2057 tompore
334 1977 373 2037 ad
400 1977 543 2057 pristinos
570 1979 683 2038 incolas
713 1978 893 2052 accessisse,
925 1999 1017 2058 quum
1047 1998 1102 2059 per
1131 1997 1165 2038 se

167 2091 286 2170 pateat,
312 2091 379 2145 tum
402 2084 547 2142 Herodoti
562 2085 593 2160 ⁴)
618 2086 790 2148 testimonio
819 2087 1028 2164 confirmatur⁷
1057 2086 1166 2166 reliqui

164 2201 241 2259 mi
263 2199 385 2276 praeter
403 2194 555 2270 Pelasgos
573 2183 796 2252 Eteocretenses
812 2194 839 2272 ⁵)
866 2202 896 2255 et
914 2197 1066 2271 Cydonea,
1091 2214 1165 2275 quos
1201 2273 1205 2279 Δ

170 2307 252 2386 ipsos
264 2303 422 2383 quominus
435 2320 452 2362 e
465 2300 670 2378 Pelasgorum
681 2318 806 2363 numero
819 2304 909 2365 inisse
922 2310 1044 2384 statuas,
1057 2304 1090 2362 id
1102 2304 1164 2383 qui-

130 2423 134 2428 “
168 2413 240 2475 dem
257 2412 471 2494 impedimento
489 2409 558 2471 'ribi
577 2428 721 2471 essenon
740 2419 856 2492 potest,
884 2415 965 2494 quod
984 2432 1003 2472 a
1020 2413 1168 2490 Pelasgis

171 2523 401 2606 distinguuntur.
420 2551 459 2565 -
477 2518 626 2595 Cyclades
649 2519 761 2579 insulas
786 2541 889 2581 ornnes
914 2543 953 2581 ex
976 2520 1122 2577 Herodoti
1137 2520 1167 2597 ⁶)

170 2633 321 2694 sententis
339 2629 551 2710 antiquissimis
568 2629 753 2710 temporibus
772 2629 898 2690 coluisse
917 2631 1057 2690 videntur
1076 2631 1168 2686 Lele-

168 2760 239 2818 ges,
258 2759 333 2820 qnos
345 2736 495 2814 Pelasgos
512 2737 603 2797 fuisse
622 2757 710 2818 supra
725 2739 928 2799 demonstrare
941 2742 1040 2799 conati
1057 2760 1167 2802 sumus.
1191 2798 1194 2804 ,

170 2847 311 2905 Ibeeboem
329 2847 418 2928 primi
436 2825 552 2906 incolae
572 2845 608 2905 ab
628 2847 693 2905 aliis
712 2847 907 2925 scriptoribus
920 2848 1061 2905 Abantes
1075 2847 1168 2910 fuisse

170 2955 382 3039 perhibentur,
409 2973 426 3015 a
453 2954 559 3035 quibus
581 2954 736 3034 antiquum
753 2954 868 3016 insulae
887 2976 996 3018 nomen
1013 2950 1170 3034 ’Ἀβαντις

171 3062 299 3123 ducitur.
338 3061 423 3143 Quos
447 3083 540 3144 quum
568 3061 702 3119 Tleraees
725 3061 817 3123 fuisse
845 3066 995 3125 communi
1020 3084 1170 3126 consensu

164 3172 315 3234 'doccatur
331 3170 376 3249 ⁷),
402 3180 449 3232 est
474 3173 571 3251 aliqua
596 3170 690 3247 ratio,
715 3191 808 3250 quare
833 3172 981 3251 Pelasgas
1003 3175 1169 3254 antiquitus

170 3279 249 3341 bunc
268 3299 387 3360 quoque
406 3280 533 3340 insulam
553 3278 704 3338 obsedisse
724 3279 862 3340 dicamus.
892 3282 1023 3340 Lesbum
1040 3283 1169 3344 insulam

171 3408 225 3451 cur
244 3386 616 3471 antiquam-Pelasgorum
628 3389 730 3448 sedem
749 3389 840 3449 fuisse
853 3390 1057 3468 decernamus,
1076 3411 1170 3471 quum

164 3497 229 3557 'ulis
248 3498 349 3557 afferri
366 3499 483 3577 possint
502 3504 691 3578 argumenta,
720 3503 785 3556 tum
808 3518 882 3558 vero
907 3499 937 3559 id
958 3501 1030 3560 satis
1048 3501 1169 3564 firmum

123 3599 125 3605 ’
170 3606 392 3682 videturesse,
418 3607 499 3687 quod
517 3607 682 3685 antiquitus
701 3600 868 3682 Pelasgiae
893 3627 1003 3668 nomeu
1027 3609 1168 3672 afuisse

72 3790 78 3803 Ι
170 3713 314 3775 traditum
342 3721 390 3774 cst
406 3717 445 3791 ⁸).
489 3715 587 3775 Simili
615 3717 721 3788 modo,
750 3721 785 3774 ut
813 3715 920 3786 Iesbe’,
949 3715 1020 3774 otte·
1049 3736 1168 3797 quoquc

170 3824 285 3885 insulae
297 3824 387 3904 primi
407 3825 536 3885 cultores
552 3824 681 3899 Pelasgi
701 3845 738 3884 ex
762 3823 921 3882 Thessalia
942 3825 1058 3884 oriundi
1078 3825 1170 3887 trisse

171 3935 368 4018 perhibentur
382 3933 421 4003 ¹).
451 3966 489 3979 -
520 3931 764 4003 Saraotbraaea',
791 3935 870 3996 ilem
898 3935 1051 3992 &mnam
1077 3939 1169 4015 utque
