2566 4672
604 277 884 375 -547-

247 444 409 527 probatur,
429 463 500 513 cnm
516 446 695 524 Μγιονιιιιι,
713 446 774 525 jam
792 451 863 507 ante
882 465 934 507 eos
953 447 986 506 in
1006 447 1120 508 Asiam
1147 453 1246 532 proie-

248 560 377 630 ctorum,
395 559 482 635 parte
501 556 677 619 societatem
693 554 807 627 iniisse,
825 572 996 635 nomenque
1013 560 1246 621 communicasse

249 663 373 726 ιιιιιιιιι
389 664 449 742 ¹⁶).
492 664 604 725 Strabo
634 671 699 725 tum
726 660 876 738 Bebryces
882 703 895 732 ,
926 665 1043 744 priores
1074 666 1246 744 Bithyniae

249 771 380 850 incolas,
404 779 471 834 tum
489 771 717 848 Mariandynos
724 810 736 840 ,
761 769 912 846 Bithynis
930 771 1088 850 finitimos,
1110 775 1243 839 Thraces

161 860 168 884 ⁸
250 880 343 943 fuisse
361 881 482 962 conjicit
497 879 555 958 Η).
582 878 783 959 Ejusdemque
801 880 918 959 generis
933 882 1090 940 Caesones
1106 861 1251 944 videntur

249 990 357 1064 inisse,
377 991 429 1069 qni
455 985 689 1063 Mariandynos'
702 985 735 1046 in
754 1003 808 1045 ora
826 988 925 1045 Ponti
943 989 1144 1071 attingebant3
1165 997 1242 1054 serta

248 1096 400 1172 Pelasgos
417 1095 510 1155 fuisse
527 1101 655 1155 constat.
1233 1106 1236 1113 '

321 1208 349 1263 6.
386 1199 437 1261 Ao
459 1203 551 1261 Troes
569 1222 690 1283 quoque
713 1200 828 1280 pariter
852 1207 943 1282 atque
968 1222 1086 1279 omnes,
1112 1209 1166 1287 qui
1191 1208 1242 1269 cir·

247 1297 316 1370 enm
329 1307 504 1389 habitabant
522 1310 643 1390 populi,
665 1306 838 1367 Thraciam
866 1328 959 1391 genus
986 1312 1183 1391 pertinuisse,
1214 1294 1245 1376 ιι

245 1436 302 1498 per
320 1437 354 1480 se
379 1419 452 1500 veri·
470 1417 653 1479 simillimum
679 1423 735 1493 est,
753 1419 798 1477 ita
815 1425 878 1479 tarn
896 1419 998 1480 multis
1016 1421 1199 1484 testimoniis
1214 1422 1246 1485 ac

247 1528 380 1611 vestigiis
409 1527 595 1603 declaratur,
614 1533 650 1588 nt
669 1526 832 1588 dubitando
860 1527 913 1591 vix
940 1529 1024 1588 locus
1052 1528 1243 1610 relinquatur.

247 1635 382 1700 Primum
397 1638 478 1701 enim
495 1636 666 1696 fflmdoeza
684 1643 865 1712 auctorest,
883 1637 1025 1695 Paeones
1045 1637 1242 1711 Teucrorum,

246 1763 308 1821 una
326 1765 394 1808 cnm
411 1747 511 1823 Mysis
528 1751 599 1807 ante
622 1745 794 1820 Trey'awm
812 1745 926 1808 bellum
944 1757 984 1806 ex
996 1745 1081 1805 Asia
1099 1746 1241 1815 ιιΕιινο-

240 1873 320 1928 pam
337 1856 547 1935 trajectarum,
571 1846 730 1927 ἀποίκους
748 1873 814 1915 esse
830 1853 895 1931 ’Ἣ
914 1853 1028 1913 Strabo
1052 1875 1070 1914 e
1094 1858 1241 1918 contrario

244 1938 356 2036 refert,
383 1968 543 2044 utrumqne
561 1963 724 2046 populum,
743 1982 782 2023 ex
804 1961 943 2020 Thracia
961 1963 995 2023 in
1009 1962 1123 2020 Asiam
1146 1965 1242 2046 profe.

245 2074 337 2146 ctum,
356 2074 463 2146 terras,
483 2071 590 2152 quibus
608 2079 720 2154 postea·
728 2072 835 2147 Mysia
855 2077 886 2130 et
902 2071 997 2129 Deae
1014 2071 1136 2132 nomina
1151 2074 1242 2134 indita

245 2178 316 2254 sint,
335 2197 497 2261 occupasse
512 2180 571 2258 ²⁰).
607 2181 676 2242 Jam
695 2181 731 2256 si,
751 2197 897 2259 quasnam
911 2178 1019 2267 barum
1030 2180 1243 2260 sententiarum

133 2342 135 2348 ,
242 2277 367 2370 propius
384 2290 522 2352 rideatur
541 2290 580 2352 ad
598 2291 758 2352 veritatem
782 2287 942 2363 accedere,
968 2294 1144 2367 quaeratur,
1171 2311 1242 2371 qua.

243 2396 420 2479 tnsquisque
444 2405 506 2474 est,
532 2399 669 2478 quinon
687 2398 806 2470 videat,
835 2396 929 2456 multo
953 2416 1019 2457 esse
1042 2398 1242 2478 probabilius,

248 2506 338 2572 fines
349 2507 400 2593 rel
415 2507 543 2566 Teucros
560 2507 594 2566 in
606 2505 688 2565 Asia
707 2506 876 2566 habitantes
896 2504 1018 2566 colonos
1038 2526 1103 2567 esse
1119 2528 1243 2590 magnae

244 2617 404 2689 Paeoniae
421 2615 535 2695 gentis,
554 2635 645 2696 quarn
662 2616 802 2673 Paeones
821 2595 967 2694 originem
986 2615 1095 2675 ducere
1115 2635 1133 2677 a
1158 2618 1243 2676 Doi-

244 2722 319 2795 bns,
340 2704 520 2806 praesertim
545 2739 654 2804 prum,
683 2725 710 2784 si
737 2724 857 2784 omuino
881 2722 1008 2804 populos
1032 2730 1084 2783 aut
1103 2744 1144 2784 ex
1161 2727 1243 2784 Asia

244 2834 357 2889 naneae·
379 2835 412 2894 in
434 2831 622 2903 Thraciam,
648 2839 700 2892 aut
725 2852 765 2895 ex
785 2831 928 2890 Thracia
953 2832 986 2890 in
1004 2832 1127 2897 Asiam.
1141 2837 1242 2893 naiac-

244 2959 309 2996 rem
326 2941 510 3024 immigrasse
531 2948 711 3018 statuamus,
736 2939 978 3020 quamplurima
1002 2941 1103 3001 afferri
1127 2945 1244 3023 possint

242 3056 440 3128 argumenta,
477 3050 584 3131 quibus
616 3049 701 3108 banc
737 3049 918 3110 sententiam
949 3079 989 3093 -
1017 3049 1175 3127 trajecisse¹
1207 3071 1244 3113 ex

247 3153 386 3219 Thracia
398 3160 430 3217 in
440 3159 554 3242 Asiam
568 3189 607 3204 -
624 3159 686 3216 illa
706 3157 799 3218 altera
812 3157 906 3217 multo
919 3141 1159 3219 rerisimiliorem
1178 3179 1243 3221 esse

243 3264 442 3328 demonstrari
470 3270 574 3348 possit.
617 3266 680 3329 Seo
703 3267 831 3328 fortasse
859 3265 1030 3342 minimum,
1058 3287 1098 3327 ne
1127 3285 1242 3330 arero

242 3373 431 3450 aberremus,
460 3376 629 3458 periculum
657 3376 733 3452 erit,
761 3376 788 3436 si
811 3377 1018 3453 statuerimus,
1045 3377 1148 3437 neutri
1176 3395 1241 3438 sen·

241 3485 420 3560 tentiamm,
444 3504 521 3565 quae
541 3505 632 3570 snpra
649 3484 804 3566 expositae
823 3491 908 3561 sunt,
932 3488 976 3545 ita
995 3505 1060 3548 esse
1079 3487 1242 3549 assentien-

242 3590 335 3669 dnm,
362 3601 397 3654 nt
425 3595 570 3675 populum
596 3595 725 3657 alterum
753 3615 793 3656 ex
819 3595 916 3656 altero
945 3600 1044 3655 ortum
1073 3615 1159 3669 esse,
1188 3595 1242 3657 sed

243 3705 367 3764 eatenus
384 3710 502 3764 tantum
521 3704 646 3787 pedibus
664 3705 697 3765 in
716 3722 766 3765 eas
786 3724 851 3766 esse
867 3706 1013 3780 eundum,
1032 3709 1067 3763 nt
1085 3722 1243 3763 comanam

243 3805 352 3868 Ιιωιιηι
364 3812 547 3886 popularum
568 3833 672 3892 genno
695 3814 787 3875 inisse
806 3815 1009 3876 decernamus.
1047 3811 1125 3873 Nam
1149 3831 1242 3893 quum

244 3917 374 4025 ⁸omnino,
385 3921 530 4000 ejusmodi
547 3924 776 4003 narrationibus,
795 3924 903 4006 quibus
922 3923 1045 3986 alterius
1064 3922 1168 4005 populi
1182 3921 1242 3984 ori·
