2566 4672
599 259 876 334 ..100-

391 449 446 485 esss
463 433 624 498 arbitramur,
641 430 712 500 quod
728 426 809 482 addit:
827 428 899 495 „bier
910 426 1089 501 cindalia-ron
1105 433 1242 511 brescono
1273 490 1276 495 .

318 567 324 583 .
390 536 509 602 Pelasger
537 533 580 585 die
611 545 687 586 nnter
715 532 793 585 ibuen
824 530 995 599 wobnenden
1012 532 1167 604 Tyrrhenas
1196 532 1244 586 ein

389 650 465 706 ganz
480 633 683 691 verschiedenes
702 633 731 688 V
727 629 789 685 olt“
810 659 843 673 -·
860 651 923 686 nam
938 633 1076 703 Herodoti
1091 629 1186 688 verbis
1199 637 1244 687 ni-

348 777 353 783 .
391 738 430 789 bil
453 739 560 789 omnino
583 714 677 800 inesse,
699 752 752 806 quo
774 721 838 786 haec
853 735 979 795 sententia
998 736 1103 803 nitatur,
1120 754 1180 788 non
1197 747 1245 801 est,

392 838 464 908 quod
486 841 574 891 multis
597 820 818 889 demonstremus(
842 836 902 889 Non
919 840 1243 908 repugnant,.quominus

393 938 544 1009 Tyrrhenos
560 940 602 990 hic
619 950 834 990 commemoratos
850 940 922 999 item,
938 951 969 991 ιιι
979 937 1117 1007 Cratonis
1134 941 1245 1004 incolas,

391 1039 527 1110 Pelasgos
543 1040 619 1090 inisse
637 1037 760 1090 dicamus.
793 1039 862 1091 Nam
877 1041 950 1111 ratio,
967 1057 1045 1107 qnare
1062 1042 1121 1109 illos
1137 1037 1246 1091 Pelas·

389 1141 648 1208 gos-Creatonaeos,
674 1158 725 1190 non
749 1141 797 1192 bos
817 1139 1116 1210 Pelasgos-Tyrrhenos
1139 1142 1170 1192 in
1187 1158 1243 1191 me-

392 1237 468 1289 dium
494 1239 632 1307 producat,
657 1240 684 1291 in
711 1255 834 1309 promptu
858 1256 910 1296 est..
957 1241 1075 1312 Fuerunt
1100 1244 1176 1295 eain
1199 1245 1245 1310 qni

391 1340 458 1390 circa
475 1340 569 1393 Athon
590 1343 710 1393 colebant
725 1343 796 1394 idem
817 1324 937 1411 populns,
954 1355 1030 1410 atque
1047 1345 1093 1411 qni
1109 1341 1244 1394 Plocium

392 1455 418 1492 et
434 1440 565 1510 Scylacen
582 1444 659 1493 urbes
676 1444 809 1506 tenebant3
827 1445 860 1497 ab
876 1445 1058 1514 antiquissimis
1079 1445 1243 1510 temporibus

394 1545 530 1610 conjuncti,
545 1543 648 1594 easdem
664 1564 767 1614 semper
784 1548 900 1612 primum
909 1547 944 1596 in
957 1543 1063 1610 Attica,
1074 1557 1133 1597 trun
1145 1544 1245 1596 Lemni

391 1646 460 1695 etin
482 1646 571 1696 ricinis
588 1648 677 1696 insulis
702 1645 775 1697 sedes
800 1648 941 1697 habuerant
958 1657 991 1707 et,
1009 1648 1172 1709 mumulus
1189 1661 1243 1698 tan-

394 1757 451 1796 tum
469 1748 541 1798 annis
559 1759 623 1810 ante,
648 1765 725 1814 qnam
748 1747 904 1798 Herodotus
921 1747 1002 1799 libros
1018 1765 1080 1796 suos
1097 1765 1244 1813 compone-

390 1861 437 1908 ret,
456 1847 571 1914 dispersi,
589 1851 632 1898 alii
648 1852 763 1916 regiones
782 1852 847 1899 circa
859 1846 952 1901 Athon
969 1862 1096 1911 montem,
1112 1849 1161 1899 alii
1171 1844 1243 1897 Plo-

390 1947 462 1999 ciom
480 1962 555 2018 atque
572 1949 703 2016 Scylacen
721 1952 798 2001 urbes
823 1962 1015 2018 occupaverant.
1048 1947 1244 2017 Argumentum

389 2049 468 2113 igitur
489 2066 521 2098 ex
544 2052 709 2102 similitudine
726 2054 852 2102 sermonis
877 2050 971 2100 horum
993 2048 1180 2119 Pelasgorum
1197 2067 1244 2117 pe-

389 2149 467 2198 titum
483 2151 586 2201 nullum
603 2152 699 2204 fuisset.
735 2153 843 2202 Necesse
861 2153 945 2213 fuisse,
961 2151 1061 2216 linguas
1084 2137 1179 2201 coium
1196 2167 1244 2216 po-

390 2248 514 2316 pulorum
535 2249 739 2319 Pelasgicorum
765 2254 922 2320 comparari,
943 2254 988 2319 qui
1010 2252 1041 2300 ab
1060 2224 1242 2318 antiquissimis

389 2354 551 2417 temporibus
560 2353 675 2402 *diversis
688 2372 716 2401 ac
729 2355 860 2416 disjunctis
871 2355 933 2402 locis
952 2354 1134 2413 habitaverant,
1151 2365 1241 2420 sponte

391 2452 557 2517 intelligitur;
585 2466 609 2502 et
631 2455 773 2514 interfuisse
791 2432 841 2505 hoc
863 2452 1013 2515 Herodoti,
1040 2455 1070 2503 iis
1089 2453 1241 2510 declaratur,

391 2571 455 2618 qnae
479 2556 510 2604 ab
535 2572 565 2602 eo
589 2555 672 2602 addita
694 2568 769 2604 sunt:
800 2557 861 2621 „qui
883 2558 910 2604 in
929 2551 1133 2606 Thessaliotide
1151 2555 1241 2602 colue-

392 2656 465 2703 raut“
487 2682 520 2691 —-
546 2657 608 2728 „qui
624 2653 739 2704 Atticae
755 2657 874 2722 inquilini
891 2657 1006 2706 fuerant“
1023 2681 1058 2692 -
1081 2672 1148 2721 qnae
1165 2655 1240 2706 verba

391 2754 418 2803 lr.
436 2755 453 2806 l.
470 2757 577 2804 minime
594 2773 780 2823 supervacanea
798 2774 860 2827 esse,
876 2757 923 2808 sed
939 2756 1042 2825 proprie
1060 2755 1095 2806 ad
1110 2771 1170 2806 renr
1180 2769 1240 2824 perb

392 2855 472 2905 tinere
489 2856 602 2922 putanda
612 2834 689 2908 sunt.

288 2949 313 3003 5.
326 2953 517 3023 .„Unbefangerr
539 2945 691 3022 benachtet,
714 2957 777 3007 lisst
801 2974 827 3009 es
850 2950 906 3009 sicia
927 2972 973 3024 gar
995 2950 1067 3010 nicht
1083 2955 1260 3019 rerkennen.

328 3052 386 3112 dass
402 3056 519 3108 Herodot
539 3058 686 3107 Hellanicus
707 3059 855 3124 Erzihlnug
875 3075 939 3109 vom
962 3057 1039 3122 ane
1057 3055 1104 3107 der
1120 3057 1241 3124 Pelasger
1263 3040 1266 3045 Ι

327 3155 392 3205 iiber
416 3160 467 3211 den
488 3156 583 3208 Hadria
606 3159 672 3208 naclr
694 3159 774 3225 Spina
791 3157 845 3209 und
869 3157 1110 3220 Cortona-annabm
1128 3157 1184 3209 und
1202 3157 1241 3208 die

327 3258 429 3308 seruere
446 3257 662 3324 Auswanderung
685 3257 732 3308 der
754 3259 972 3325 Ueberwiilsigten
990 3258 1056 3309 nach
1072 3257 1160 3309 Athen
1177 3276 1241 3310 ror·

329 3371 465 3423 arissetzte,
488 3377 516 3409 so
532 3362 581 3410 wie
600 3377 628 3409 er
650 3357 722 3410 ibren
745 3361 867 3412 weiteren
888 3360 947 3426 Zug
964 3360 1030 3410 nach
1052 3361 1165 3412 Lemnos
1187 3357 1241 3410 und
1251 3383 1260 3393 ⁴·

315 3478 362 3510 =an
385 3459 435 3511 den
452 3461 603 3527 Hellespont
623 3461 704 3510 selbst
719 3460 842 3510 erzihlts“
874 3461 967 3510 Libere
984 3460 1049 3510 milri
1066 3435 1242 3511 confitendum

330 3573 375 3618 est,
398 3575 449 3624 me,
472 3563 588 3627 quamvis
610 3559 787 3629 praejudicatis
813 3561 975 3628 opinionibus
1001 3577 1055 3611 non
1076 3560 1128 3611 sim
1156 3562 1241 3626 impe·

331 3660 406 3724 ditus,
430 3674 518 3714 tamen
540 3665 566 3714 in
584 3663 650 3713 hanc
666 3663 817 3712 sententiani
834 3661 965 3716 discedere
983 3677 1138 3735 nonposse.
1174 3661 1242 3711 Nam
1275 3648 1278 3653 ’

329 3764 400 3812 nullo
422 3764 480 3813 loco
509 3777 542 3813 ne
558 3764 719 3815 levissimum
742 3762 849 3829 quidem
871 3763 1072 3832 deprehenditur
1094 3759 1240 3826 vestigium,

326 3880 358 3912 ex
375 3881 426 3929 quo
442 3863 498 3928 jure
515 3866 603 3932 colligi
619 3867 704 3933 possit,
721 3864 890 3916 Herodotum
899 3863 1033 3933 Pelasgos
1051 3881 1082 3915 ex
1095 3859 1241 3913 Thessalia
