2566 4672
420 256 697 327 ...63-

60 434 100 505 et
149 427 327 504 societate
377 427 521 525 junctos
568 423 828 525 cognoverint,
875 428 1059 527 Pelasgi-

60 594 143 638 cum
175 587 312 637 nomen
350 555 579 648 attribuisse;
616 559 679 635 ael
715 557 754 630 in
779 563 1058 660 Dionysiorum

59 696 220 771 eundum
247 692 330 768 Tibi
357 691 429 765 erit
458 689 694 782 sententiam,
731 716 803 791 qua
833 689 874 764 hi
902 698 1058 793 Pelasgi

58 857 107 903 cx
141 831 310 903 Graecia
348 823 503 924 profecti
536 826 656 899 Asiae
694 851 802 898 oram
841 834 880 898 ct
918 830 1060 900 insulas

59 986 258 1062 occupasse
283 956 535 1060 perhibentur.
571 954 623 1031 Et
638 926 727 1030 licet
751 956 843 1032 haec
864 959 1060 1050 sententia,

61 1105 239 1194 quatenus
266 1091 427 1168 omnium
453 1115 596 1180 eorum,
630 1088 693 1189 qui
718 1088 765 1162 ad
790 1115 870 1164 eam
894 1101 1072 1193 gentem,

62 1253 168 1326 qnam
200 1229 445 1324 Pelasgieam
480 1222 667 1297 nominare
705 1222 858 1323 placuit,
896 1224 1058 1325 pertine·

60 1359 168 1450 bant,
199 1359 357 1463 origines
385 1383 432 1431 ex
457 1359 624 1432 Graecia
651 1365 690 1429 et
715 1362 971 1456 Peloponneso
995 1384 1058 1433 re-

64 1490 176 1590 petit,
208 1493 256 1583 si,
294 1518 386 1593 quac
420 1514 529 1590 supra
563 1486 744 1588 disputata
775 1499 877 1580 sunt,
916 1517 936 1562 a
968 1516 1058 1565 vero

61 1648 140 1696 non
164 1624 371 1714 abhorrent,
396 1649 464 1724 per
490 1647 530 1696 sc
556 1623 626 1720 jam
653 1631 808 1712 corruat,
834 1663 885 1679 —
908 1632 1059 1700 nonest

62 1765 202 1852 tamen,
229 1759 328 1859 quod
351 1779 527 1857 negemus
554 1751 634 1828 fieri
659 1755 842 1856 potuisse,
867 1764 910 1828 ut
933 1780 1060 1831 manus

59 1889 239 1988 quaedam
276 1895 501 1990 Pelasgicae
540 1898 603 1962 aut
641 1914 705 1963 sua
748 1899 880 1992 sponte
922 1899 986 1963 aut
1020 1887 1060 1966 vi

60 2033 171 2122 atquc
199 2024 307 2099 armis
333 2033 479 2097 coactae
499 2022 538 2096 in
556 2027 698 2097 insulas
724 2032 762 2098 et
788 2052 895 2099 oram
906 2026 1059 2098 Asiati-

59 2185 146 2230 cam
178 2158 399 2258 trajecerint
432 2199 483 2211 —
514 2153 625 2258 Quod
658 2167 780 2232 autem
810 2157 857 2231 ad
893 2162 1060 2257 reliquos

57 2292 179 2365 Asiae
204 2296 362 2366 minoris
386 2290 523 2364 incolas
547 2289 690 2383 attinet,
716 2293 848 2392 quibus
870 2316 1059 2369 commune

60 2449 141 2497 cum
166 2429 375 2499 Thracibus
398 2449 514 2525 genus
538 2424 651 2499 fuisse
678 2424 966 2500 demonstratum
992 2431 1060 2511 est,

63 2557 190 2656 quaeri
222 2568 364 2660 potest,
404 2584 490 2631 num
527 2558 573 2631 iis
607 2557 895 2644 narrationibus,
930 2554 1061 2654 quibus

61 2688 154 2783 haec
191 2719 251 2769 res
290 2691 342 2766 ita
381 2692 601 2793 explicatur,
638 2700 681 2764 ut
720 2697 782 2764 aut
814 2715 861 2762 ex
891 2691 989 2765 Asia
1021 2687 1061 2762 in

65 2829 291 2911 Thraciam,
329 2837 392 2900 aut
427 2851 474 2900 ex
511 2828 678 2899 Thracia
709 2823 748 2898 iu
778 2826 914 2902 Asiam
946 2822 1059 2899 immi·

60 2955 188 3059 grasse
212 2959 337 3061 populi
362 2960 539 3050 dicantur,
565 2957 655 3033 fides
681 2959 731 3034 sit
753 2958 937 3051 habenda3
963 2957 1059 3035 etsi

58 3090 132 3166 hoc
158 3101 356 3183 statuatur,
381 3119 469 3166 num
493 3090 644 3194 propius
669 3091 715 3167 ad
738 3095 932 3171 veritatem
958 3120 1059 3172 acce·
1124 3166 1126 3171 .

60 3224 139 3314 dat,
171 3230 336 3301 Thraces
363 3253 409 3300 ex
424 3229 533 3313 Asia,
559 3253 606 3300 an
622 3230 812 3306 Asiaticos
835 3231 917 3305 illos
929 3257 1059 3330 popu-

59 3365 116 3432 los
134 3385 181 3434 ex
202 3365 371 3436 Thracia
383 3360 561 3446 ¹oriundos
579 3387 671 3436 esse.
701 3361 782 3464 Ego
799 3391 889 3442 vero
908 3382 1058 3448 censeo,

57 3503 230 3566 neutrum
256 3494 345 3594 poni
368 3520 521 3568 neccsse
546 3520 644 3585 esse,
671 3506 724 3585 et,
751 3518 967 3596 quamquam
982 3514 1059 3563 non

59 3626 210 3700 omnino
242 3627 470 3728 negaverim,
508 3652 583 3700 non
621 3627 767 3726 quidem
807 3652 853 3698 ex
882 3627 980 3699 Asia
1019 3618 1059 3696 in

63 3745 284 3847 Tldrraeiam,
310 3787 356 3833 ex
377 3764 543 3835 Thracia
568 3771 690 3834 tamen
716 3760 755 3830 in
771 3759 906 3832 Asiam
929 3753 1059 3856 migra·

57 3891 183 3968 tiones
220 3893 335 3969 factas
371 3920 476 3985 esse,¹
505 3904 629 3966 tamen
664 3889 937 3981 contenderim,
976 3887 1058 3967 istis
