2566 4672
426 269 697 340 ..15-

62 465 159 513 mom,
178 461 234 526 per
260 461 292 503 so
311 416 370 519 jam
394 437 558 500 verisimile
589 415 725 499 uideatur
749 452 871 496 successe
900 441 955 512 est,
981 433 1060 495 huuc

64 575 184 636 quoque
204 551 343 635 spiritum
362 549 394 609 iu
415 548 539 609 eandem
559 549 745 606 Latinorum
770 544 900 606 litteram
926 550 1061 607 converti

64 664 214 745 potuisse,
233 660 288 723 sed
307 659 345 720 ad
364 655 597 719 confirmandam
621 656 781 716 honorem
807 655 896 714 etiam
920 654 1060 717 idoneum

63 770 235 852 exemplum
244 772 274 830 in
290 771 477 829 Graecorum
487 767 664 855 pronomine
677 762 827 848 personali
839 765 958 842 tertiae,
971 785 1060 847 quam

64 880 178 956 dicunt,
198 898 353 962 personae,
373 882 546 959 comparato
576 895 644 937 cum
669 875 786 934 Latino
815 874 964 940 invenisse
987 874 1061 937 mihi

61 989 172 1050 videor.
211 987 312 1068 Quum
339 992 497 1069 praeterea
527 983 726 1046 Casaobonus
755 982 795 1047 ed
822 982 1003 1042 Strabonem
1025 983 1058 1062 ⁴)

60 1097 205 1170 docuerit,
224 1095 327 1157 multis
339 1094 510 1157 nominibus
523 1090 660 1178 'propriis
672 1092 801 1155 Veteres
818 1092 909 1154 modo
930 1091 1060 1170 sibilum,

59 1208 150 1268 modo
163 1208 374 1289 aspirationem
386 1203 572 1289 praefixisse,
592 1224 649 1266 nec
668 1202 766 1265 desint
778 1204 899 1263 omnino
913 1202 1060 1285 exemplu,

59 1337 97 1376 ex
118 1316 224 1396 quihus
245 1317 336 1377 etiam
355 1312 527 1375 nominibus
546 1330 623 1395 quas
641 1332 703 1374 non
722 1331 870 1394 asperum,
889 1311 943 1371 sed
961 1309 1060 1372 lencm

59 1426 198 1504 spiritum
221 1422 379 1495 haberent,
405 1421 573 1503 praefixum
600 1442 665 1483 esse
694 1438 906 1502 nonuunquam
937 1419 1058 1482 Slitte·

60 1550 125 1589 ram
150 1536 294 1611 appareat
317 1529 357 1605 ⁹),
388 1529 463 1588 nihil
486 1532 547 1609 jam
571 1529 610 1590 ad
634 1531 811 1594 sententiam
835 1535 969 1590 nostram
992 1549 1060 1614 pro·

26 1642 32 1651 '
61 1637 190 1698 bundam
209 1618 358 1718 reliquum
378 1644 434 1715 est,
454 1658 545 1719 mam
563 1645 598 1700 ut
616 1637 800 1715 ostendatur,
830 1638 921 1699 etiam
938 1638 965 1700 Τ
983 1646 1014 1701 et
1032 1639 1062 1701 Κ

58 1747 175 1807 litteras
201 1764 218 1805 a
244 1745 406 1807 Veteribus
431 1766 645 1830 nonnunquam
670 1767 735 1808 esse
766 1753 967 1830 permutatam
992 1767 1061 1811 nam

61 1856 161 1917 variae
180 1875 290 1916 vocum
308 1856 546 1934 terminationes,
567 1857 724 1939 quominus
744 1856 772 1917 ei
798 1874 950 1917 assensum
975 1877 1060 1939 prae-

58 1963 192 2040 beamus,
212 1963 425 2044 impedimento
446 1986 512 2026 esse
531 1987 591 2027 nou
610 1970 743 2048 possunt.
781 1963 858 2024 Illud
880 1972 980 2027 autem
999 1987 1059 2027 non

56 2091 180 2152 prorsus
199 2072 352 2133 insolitum
375 2073 477 2151 fuisse,
498 2075 600 2137 docuit
624 2071 824 2148 statuarios,
849 2072 887 2132 ad
913 2094 1002 2154 quem
1027 2080 1059 2136 et

57 2181 96 2240 ad
127 2181 286 2257 sibertum,
316 2162 407 2262 quum
435 2184 522 2265 plura
550 2183 637 2264 hujus
664 2181 895 2264 permutationis
922 2183 1060 2268 exempla

56 2288 142 2351 nobis
161 2311 222 2351 non
242 2297 413 2371 suppetant,
433 2291 562 2354 lectores
582 2291 752 2374 delegamus
774 2291 816 2368 ⁶).
835 2320 876 2337 ·-

132 2397 178 2460 Ne
207 2405 310 2460 tamen
341 2400 436 2462 ullum
466 2400 588 2462 dubium
622 2399 819 2481 relinquatur,
852 2411 926 2460 num
952 2418 1060 2462 revera

57 2508 156 2564 Sicuti
176 2514 207 2566 et
236 2509 317 2566 Itali
340 2530 417 2570 unus
452 2511 591 2590 idemque
615 2507 744 2592 populus
772 2507 875 2583 inerit,
904 2507 1060 2570 afferamus

59 2620 198 2674 veterum
218 2621 372 2674 auctorum
391 2616 485 2692 locos,
506 2617 612 2697 quibus
631 2623 696 2676 tum
715 2614 870 2673 Italorum
887 2612 930 2672 ihi
949 2618 1059 2677 mentio

60 2723 109 2797 iit,
129 2721 180 2781 ubi
201 2722 320 2780 Siculos
337 2722 487 2784 habitasse
508 2730 591 2785 certo
616 2725 735 2797 scimus,
760 2727 826 2782 tum
843 2721 956 2781 Siculis
974 2725 1059 2787 sedes

56 2833 88 2890 in
109 2832 145 2890 iis
165 2830 337 2912 regionibus
371 2834 577 2913 assignantur,
597 2851 672 2914 quos
696 2831 796 2892 Italos
823 2814 954 2893 tenuisse
979 2854 1056 2897 com·

55 2947 176 3021 pentum
196 2939 349 3001 habemus.
388 2937 440 3002 Sic
459 2939 636 3000 Antiochou
655 2940 734 3022 apud
746 2938 928 2999 Strabonem
945 2945 1056 3025 prodit,

55 3067 185 3125 omnem,
205 3067 283 3129 quae
304 3051 343 3109 sit
362 3051 442 3111 circa
460 3048 617 3132 Rhegium,
636 3055 749 3111 terram
767 3050 931 3130 antiquitus
941 3052 1057 3111 Siculos

56 3157 183 3218 coluisse
206 3157 237 3233 ⁷)
291 3157 483 3236 Thucydides
502 3160 543 3221 ad
560 3179 646 3221 suum
659 3178 765 3222 aevum
782 3159 863 3219 iniis
876 3159 1056 3240 regionibus,

58 3277 141 3344 quas,
169 3264 321 3328 Antiocho
355 3273 445 3342 teste,
475 3268 527 3349 qui
559 3270 649 3350 primi
673 3274 705 3329 et
729 3268 851 3350 proprie
876 3269 957 3328 Itali
984 3268 1057 3330 dicti

59 3378 138 3447 sunt,
156 3374 337 3453 incolebant,
357 3378 531 3436 Siculorum
553 3379 696 3459 quasmm
713 3368 855 3458 reliquias
875 3377 1056 3457 superfuisse

57 3487 164 3564 auctor
189 3489 234 3544 est
257 3485 305 3562 ο)·,
334 3507 395 3547 non
423 3486 521 3548 solum
547 3487 749 3545 Oenotrorom
776 3504 833 3546 rex
857 3483 974 3551 Italos,
1002 3483 1056 3546 sed

56 3590 149 3652 etiam
168 3612 282 3670 eorum,
302 3596 353 3676 qui
372 3597 453 3673 circa
474 3595 610 3655 athrim
632 3595 756 3659 fluvium
780 3590 930 3654 habitasse
955 3590 1056 3656 dicuu-

55 3686 116 3777 tur,
136 3701 309 3761 Siculorum
328 3712 579 3768 commemoratur
599 3704 638 3784 9).
649 3704 696 3750 ¹·-

131 3808 209 3887 Jam,
228 3811 255 3872 si
280 3810 327 3872 his
342 3817 534 3896 ⁴argumentis
559 3814 681 3876 adducti
705 3815 881 3887 statuamus,
911 3809 1057 3872 Oenotroa
1070 3836 1078 3843 ·’

56 3925 87 3983 at
113 3919 289 4000 Tyrrhenos
312 3941 405 3983 unum
435 3923 527 3985 tuisse
551 3923 706 4006 populum,
733 3927 765 3986 et
790 3919 879 3984 sicuti
902 3920 1057 3981 Italorum
