<?xml version="1.0" encoding="UTF-8"?>
<!DOCTYPE html PUBLIC "-//W3C//DTD XHTML 1.0 Transitional//EN"
    "http://www.w3.org/TR/xhtml1/DTD/xhtml1-transitional.dtd">
<html xmlns="http://www.w3.org/1999/xhtml" xml:lang="en" lang="en">
 <head>
  <title>
</title>
<meta http-equiv="Content-Type" content="text/html;charset=utf-8" />
  <meta name='ocr-system' content='tesseract 3.04.00' />
  <meta name='ocr-capabilities' content='ocr_page ocr_carea ocr_par ocr_line ocrx_word'/>
</head>
<body>
  <div class='ocr_page' id='page_1' title='image "./deantiquisitali00curtgoog_0057.png"; bbox 0 0 2566 4672; ppageno 0'>
   <div class='ocr_carea' id='block_1_1' title="bbox 498 249 777 325">
    <p class='ocr_par' dir='ltr' id='par_1_1' title="bbox 498 249 777 325">
     <span class='ocr_line' id='line_1_1' title="bbox 498 249 777 325; baseline -0.004 -25"><span class='ocrx_word' id='word_1_1' title='bbox 498 249 777 325; x_wconf 67' lang='lat'>..40-</span> 
     </span>
    </p>
   </div>
   <div class='ocr_carea' id='block_1_2' title="bbox 140 416 1151 1919">
    <p class='ocr_par' dir='ltr' id='par_1_2' title="bbox 140 416 1189 1919">
     <span class='ocr_line' id='line_1_2' title="bbox 141 416 1149 504; baseline 0.012 -30"><span class='ocrx_word' id='word_1_2' title='bbox 141 418 258 476; x_wconf 75' lang='lat' dir='ltr'><em>Dorica</em></span> <span class='ocrx_word' id='word_1_3' title='bbox 265 459 277 487; x_wconf 86' lang='lat'><em>,</em></span> <span class='ocrx_word' id='word_1_4' title='bbox 296 416 407 477; x_wconf 76' lang='lat' dir='ltr'><em>Ionica</em></span> <span class='ocrx_word' id='word_1_5' title='bbox 416 460 428 489; x_wconf 85' lang='lat'><em>‚</em></span> <span class='ocrx_word' id='word_1_6' title='bbox 448 420 580 481; x_wconf 78' lang='lat' dir='ltr'><em>Aeolica</em></span> <span class='ocrx_word' id='word_1_7' title='bbox 592 419 655 500; x_wconf 75' lang='grc' dir='ltr'><em>Η),</em></span> <span class='ocrx_word' id='word_1_8' title='bbox 674 421 867 504; x_wconf 59' lang='lat' dir='ltr'><em>intellig&#39;tm</em></span> <span class='ocrx_word' id='word_1_9' title='bbox 886 423 925 486; x_wconf 82' lang='lat' dir='ltr'><em>de</em></span> <span class='ocrx_word' id='word_1_10' title='bbox 943 423 991 487; x_wconf 78' lang='lat' dir='ltr'><em>ilis</em></span> <span class='ocrx_word' id='word_1_11' title='bbox 1003 427 1149 487; x_wconf 81' lang='lat' dir='ltr'><em>Dorien-</em></span> 
     </span>
     <span class='ocr_line' id='line_1_3' title="bbox 140 530 1150 609; baseline 0.016 -25"><span class='ocrx_word' id='word_1_12' title='bbox 140 546 185 584; x_wconf 82' lang='lat' dir='ltr'><em>me</em></span> <span class='ocrx_word' id='word_1_13' title='bbox 213 546 325 609; x_wconf 84' lang='lat' dir='ltr'><em>cosque</em></span> <span class='ocrx_word' id='word_1_14' title='bbox 353 530 453 608; x_wconf 86' lang='lat' dir='ltr'><em>solos,</em></span> <span class='ocrx_word' id='word_1_15' title='bbox 482 535 512 591; x_wconf 83' lang='lat' dir='ltr'><em>si</em></span> <span class='ocrx_word' id='word_1_16' title='bbox 538 533 688 609; x_wconf 76' lang='lat' dir='ltr'><em>originem</em></span> <span class='ocrx_word' id='word_1_17' title='bbox 717 542 854 607; x_wconf 68' lang='lat' dir='ltr'><em>meotes,</em></span> <span class='ocrx_word' id='word_1_18' title='bbox 883 535 1036 597; x_wconf 59' lang='lat' dir='ltr'><em>somnies</em></span> <span class='ocrx_word' id='word_1_19' title='bbox 1076 556 1150 599; x_wconf 75' lang='lat' dir='ltr'><em>esse</em></span> 
     </span>
     <span class='ocr_line' id='line_1_4' title="bbox 142 635 1150 727; baseline 0.017 -36"><span class='ocrx_word' id='word_1_20' title='bbox 142 635 305 716; x_wconf 75' lang='lat' dir='ltr'><em>Hellenos,</em></span> <span class='ocrx_word' id='word_1_21' title='bbox 333 646 441 723; x_wconf 84' lang='lat' dir='ltr'><em>utpote</em></span> <span class='ocrx_word' id='word_1_22' title='bbox 466 642 516 721; x_wconf 84' lang='lat' dir='ltr'><em>qui</em></span> <span class='ocrx_word' id='word_1_23' title='bbox 542 639 598 700; x_wconf 90' lang='lat' dir='ltr'><em>soli</em></span> <span class='ocrx_word' id='word_1_24' title='bbox 623 639 683 699; x_wconf 86' lang='lat' dir='ltr'><em>sint</em></span> <span class='ocrx_word' id='word_1_25' title='bbox 704 658 784 717; x_wconf 79' lang='lat' dir='ltr'><em>gens</em></span> <span class='ocrx_word' id='word_1_26' title='bbox 807 642 984 701; x_wconf 82' lang='lat' dir='ltr'><em>Hellenioo&#39;</em></span> <span class='ocrx_word' id='word_1_27' title='bbox 1003 662 1084 727; x_wconf 74' lang='lat' dir='ltr'><strong>pura</strong></span> <span class='ocrx_word' id='word_1_28' title='bbox 1113 652 1150 708; x_wconf 79' lang='lat' dir='ltr'><em>et</em></span> 
     </span>
     <span class='ocr_line' id='line_1_5' title="bbox 143 739 1146 830; baseline 0.007 -24"><span class='ocrx_word' id='word_1_29' title='bbox 143 763 212 806; x_wconf 82' lang='lat' dir='ltr'><em>cum</em></span> <span class='ocrx_word' id='word_1_30' title='bbox 230 739 379 830; x_wconf 76' lang='lat' dir='ltr'><em>Pelasgis</em></span> <span class='ocrx_word' id='word_1_31' title='bbox 403 768 464 810; x_wconf 86' lang='lat' dir='ltr'><em>non</em></span> <span class='ocrx_word' id='word_1_32' title='bbox 488 749 598 823; x_wconf 79' lang='lat' dir='ltr'><em>mixtn3</em></span> <span class='ocrx_word' id='word_1_33' title='bbox 623 768 684 808; x_wconf 88' lang='lat' dir='ltr'><em>non</em></span> <span class='ocrx_word' id='word_1_34' title='bbox 708 749 783 809; x_wconf 87' lang='lat' dir='ltr'><em>item</em></span> <span class='ocrx_word' id='word_1_35' title='bbox 802 751 893 809; x_wconf 80' lang='lat' dir='ltr'><em>Jonn</em></span> <span class='ocrx_word' id='word_1_36' title='bbox 911 758 943 812; x_wconf 90' lang='lat' dir='ltr'><em>et</em></span> <span class='ocrx_word' id='word_1_37' title='bbox 962 754 1146 826; x_wconf 74' lang='lat' dir='ltr'><em>Aeoleneee,</em></span> 
     </span>
     <span class='ocr_line' id='line_1_6' title="bbox 142 855 1149 942; baseline 0.006 -24"><span class='ocrx_word' id='word_1_38' title='bbox 142 855 197 916; x_wconf 76' lang='lat' dir='ltr'><em>ted</em></span> <span class='ocrx_word' id='word_1_39' title='bbox 215 856 271 919; x_wconf 78' lang='lat' dir='ltr'><em>hos</em></span> <span class='ocrx_word' id='word_1_40' title='bbox 289 861 389 942; x_wconf 82' lang='lat' dir='ltr'><em>potius</em></span> <span class='ocrx_word' id='word_1_41' title='bbox 407 857 570 932; x_wconf 80' lang='lat' dir='ltr'><em>Pelasgos,</em></span> <span class='ocrx_word' id='word_1_42' title='bbox 589 857 670 934; x_wconf 82' lang='lat' dir='ltr'><em>qnod</em></span> <span class='ocrx_word' id='word_1_43' title='bbox 688 857 734 915; x_wconf 81' lang='lat' dir='ltr'><em>ad</em></span> <span class='ocrx_word' id='word_1_44' title='bbox 747 859 901 935; x_wconf 76' lang='lat' dir='ltr'><em>originem</em></span> <span class='ocrx_word' id='word_1_45' title='bbox 918 865 1054 934; x_wconf 82' lang='lat' dir='ltr'><em>attinet,</em></span> <span class='ocrx_word' id='word_1_46' title='bbox 1074 884 1149 927; x_wconf 85' lang='lat' dir='ltr'><em>esse</em></span> 
     </span>
     <span class='ocr_line' id='line_1_7' title="bbox 143 963 1151 1047; baseline 0.008 -23"><span class='ocrx_word' id='word_1_47' title='bbox 143 966 351 1047; x_wconf 68' lang='lat' dir='ltr'><em>appellandam</em></span> <span class='ocrx_word' id='word_1_48' title='bbox 369 983 439 1026; x_wconf 80' lang='lat' dir='ltr'><em>sam</em></span> <span class='ocrx_word' id='word_1_49' title='bbox 456 963 619 1042; x_wconf 77' lang='lat' dir='ltr'><em>antiquitus</em></span> <span class='ocrx_word' id='word_1_50' title='bbox 638 966 773 1046; x_wconf 83' lang='lat' dir='ltr'><em>Peiaegi</em></span> <span class='ocrx_word' id='word_1_51' title='bbox 792 977 878 1029; x_wconf 78' lang='lat' dir='ltr'><em>erant</em></span> <span class='ocrx_word' id='word_1_52' title='bbox 896 977 928 1031; x_wconf 84' lang='lat' dir='ltr'><em>ct</em></span> <span class='ocrx_word' id='word_1_53' title='bbox 946 971 979 1030; x_wconf 85' lang='lat' dir='ltr'><em>in</em></span> <span class='ocrx_word' id='word_1_54' title='bbox 996 972 1151 1032; x_wconf 83' lang='lat' dir='ltr'><em>Hellenee</em></span> 
     </span>
     <span class='ocr_line' id='line_1_8' title="bbox 142 1071 1150 1161; baseline 0.005 -29"><span class='ocrx_word' id='word_1_55' title='bbox 142 1072 263 1133; x_wconf 88' lang='lat' dir='ltr'><em>demum</em></span> <span class='ocrx_word' id='word_1_56' title='bbox 281 1074 418 1136; x_wconf 86' lang='lat' dir='ltr'><em>conversi</em></span> <span class='ocrx_word' id='word_1_57' title='bbox 436 1075 512 1132; x_wconf 86' lang='lat' dir='ltr'><em>sunt.</em></span> <span class='ocrx_word' id='word_1_58' title='bbox 550 1071 692 1130; x_wconf 73' lang='lat' dir='ltr'><em>Arcades</em></span> <span class='ocrx_word' id='word_1_59' title='bbox 711 1075 857 1156; x_wconf 79' lang='lat' dir='ltr'><em>denique,</em></span> <span class='ocrx_word' id='word_1_60' title='bbox 884 1079 935 1158; x_wconf 88' lang='lat' dir='ltr'><em>qui</em></span> <span class='ocrx_word' id='word_1_61' title='bbox 960 1081 1086 1161; x_wconf 78' lang='lat' dir='ltr'><em>proprie</em></span> <span class='ocrx_word' id='word_1_62' title='bbox 1105 1082 1150 1144; x_wconf 72' lang='lat' dir='ltr'><em>sd</em></span> 
     </span>
     <span class='ocr_line' id='line_1_9' title="bbox 141 1176 1150 1274; baseline 0.012 -36"><span class='ocrx_word' id='word_1_63' title='bbox 141 1176 253 1238; x_wconf 80' lang='lat' dir='ltr'><em>nullam</em></span> <span class='ocrx_word' id='word_1_64' title='bbox 282 1199 384 1242; x_wconf 80' lang='lat' dir='ltr'><em>earum</em></span> <span class='ocrx_word' id='word_1_65' title='bbox 398 1180 544 1274; x_wconf 33' lang='lat' dir='ltr'><em>‘gentium</em></span> <span class='ocrx_word' id='word_1_66' title='bbox 572 1183 774 1261; x_wconf 74' lang='lat' dir='ltr'><em>pertinerent,</em></span> <span class='ocrx_word' id='word_1_67' title='bbox 804 1184 894 1243; x_wconf 77' lang='lat' dir='ltr'><em>etiem</em></span> <span class='ocrx_word' id='word_1_68' title='bbox 922 1188 1150 1251; x_wconf 83' lang='lat' dir='ltr'><em>recentioribus</em></span> 
     </span>
     <span class='ocr_line' id='line_1_10' title="bbox 142 1287 1149 1373; baseline 0.011 -28"><span class='ocrx_word' id='word_1_69' title='bbox 142 1287 326 1367; x_wconf 78' lang='lat' dir='ltr'><strong>temporibus</strong></span> <span class='ocrx_word' id='word_1_70' title='bbox 357 1289 532 1369; x_wconf 83' lang='lat' dir='ltr'><em>simpliciter</em></span> <span class='ocrx_word' id='word_1_71' title='bbox 566 1287 700 1364; x_wconf 81' lang='lat' dir='ltr'><em>Pelasgi</em></span> <span class='ocrx_word' id='word_1_72' title='bbox 735 1292 883 1351; x_wconf 77' lang='lat' dir='ltr'><em>nominari</em></span> <span class='ocrx_word' id='word_1_73' title='bbox 915 1298 1074 1373; x_wconf 80' lang='lat' dir='ltr'><em>poterant,</em></span> <span class='ocrx_word' id='word_1_74' title='bbox 1112 1305 1149 1356; x_wconf 87' lang='lat' dir='ltr'><em>et</em></span> 
     </span>
     <span class='ocr_line' id='line_1_11' title="bbox 140 1392 1147 1482; baseline 0.013 -31"><span class='ocrx_word' id='word_1_75' title='bbox 140 1392 338 1457; x_wconf 81' lang='lat' dir='ltr'><em>Hellenicam</em></span> <span class='ocrx_word' id='word_1_76' title='bbox 355 1417 463 1457; x_wconf 87' lang='lat' dir='ltr'><em>nomen</em></span> <span class='ocrx_word' id='word_1_77' title='bbox 482 1396 605 1458; x_wconf 74' lang='lat' dir='ltr'><em>eitenus</em></span> <span class='ocrx_word' id='word_1_78' title='bbox 622 1402 742 1460; x_wconf 70' lang='lat' dir='ltr'><em>tentum</em></span> <span class='ocrx_word' id='word_1_79' title='bbox 760 1420 813 1462; x_wconf 86' lang='lat' dir='ltr'><em>eos</em></span> <span class='ocrx_word' id='word_1_80' title='bbox 831 1401 1011 1482; x_wconf 74' lang='lat' dir='ltr'><em>attingebat,</em></span> <span class='ocrx_word' id='word_1_81' title='bbox 1036 1409 1147 1482; x_wconf 80' lang='lat' dir='ltr'><em>quate-</em></span> 
     </span>
     <span class='ocr_line' id='line_1_12' title="bbox 141 1505 1147 1592; baseline 0.006 -27"><span class='ocrx_word' id='word_1_82' title='bbox 141 1523 198 1567; x_wconf 84' lang='lat' dir='ltr'><em>nus</em></span> <span class='ocrx_word' id='word_1_83' title='bbox 215 1505 382 1569; x_wconf 82' lang='lat' dir='ltr'><em>Hellennm</em></span> <span class='ocrx_word' id='word_1_84' title='bbox 399 1506 510 1569; x_wconf 85' lang='lat' dir='ltr'><em>similes</em></span> <span class='ocrx_word' id='word_1_85' title='bbox 528 1506 602 1568; x_wconf 78' lang='lat' dir='ltr'><em>iacti</em></span> <span class='ocrx_word' id='word_1_86' title='bbox 619 1516 713 1571; x_wconf 79' lang='lat' dir='ltr'><em>eraut.</em></span> <span class='ocrx_word' id='word_1_87' title='bbox 746 1509 787 1571; x_wconf 85' lang='lat' dir='ltr'><em>Et</em></span> <span class='ocrx_word' id='word_1_88' title='bbox 805 1526 899 1592; x_wconf 79' lang='lat' dir='ltr'><em>quum</em></span> <span class='ocrx_word' id='word_1_89' title='bbox 916 1528 1023 1572; x_wconf 75' lang='lat' dir='ltr'><em>revera</em></span> <span class='ocrx_word' id='word_1_90' title='bbox 1042 1510 1147 1570; x_wconf 79' lang='lat' dir='ltr'><em>Hero-</em></span> 
     </span>
     <span class='ocr_line' id='line_1_13' title="bbox 142 1612 1145 1698; baseline 0.012 -27"><span class='ocrx_word' id='word_1_91' title='bbox 142 1612 246 1674; x_wconf 61' lang='lat' dir='ltr'><em>Mam</em></span> <span class='ocrx_word' id='word_1_92' title='bbox 275 1636 378 1680; x_wconf 89' lang='lat' dir='ltr'><em>omnes</em></span> <span class='ocrx_word' id='word_1_93' title='bbox 401 1617 457 1678; x_wconf 90' lang='lat' dir='ltr'><em>hos</em></span> <span class='ocrx_word' id='word_1_94' title='bbox 480 1618 524 1677; x_wconf 78' lang='lat' dir='ltr'><em>ita</em></span> <span class='ocrx_word' id='word_1_95' title='bbox 549 1616 720 1681; x_wconf 81' lang='lat' dir='ltr'><em>discernere</em></span> <span class='ocrx_word' id='word_1_96' title='bbox 748 1621 902 1682; x_wconf 69' lang='lat' dir='ltr'><em>videamus</em></span> <span class='ocrx_word' id='word_1_97' title='bbox 917 1618 983 1698; x_wconf 76' lang='lat'>¹⁸),</span> <span class='ocrx_word' id='word_1_98' title='bbox 1007 1618 1145 1683; x_wconf 83' lang='lat' dir='ltr'><em>firmissi-</em></span> 
     </span>
     <span class='ocr_line' id='line_1_14' title="bbox 142 1716 1146 1811; baseline 0.008 -27"><span class='ocrx_word' id='word_1_99' title='bbox 142 1742 225 1787; x_wconf 85' lang='lat' dir='ltr'><em>mum</em></span> <span class='ocrx_word' id='word_1_100' title='bbox 243 1724 300 1788; x_wconf 84' lang='lat' dir='ltr'><em>bne</em></span> <span class='ocrx_word' id='word_1_101' title='bbox 317 1728 349 1787; x_wconf 87' lang='lat' dir='ltr'><em>in</em></span> <span class='ocrx_word' id='word_1_102' title='bbox 367 1748 418 1804; x_wconf 81' lang='lat' dir='ltr'><em>re,</em></span> <span class='ocrx_word' id='word_1_103' title='bbox 443 1744 537 1806; x_wconf 81' lang='lat' dir='ltr'><em>quare</em></span> <span class='ocrx_word' id='word_1_104' title='bbox 554 1746 628 1790; x_wconf 81' lang='lat' dir='ltr'><em>vere</em></span> <span class='ocrx_word' id='word_1_105' title='bbox 647 1716 729 1806; x_wconf 81' lang='lat' dir='ltr'><em>esse,</em></span> <span class='ocrx_word' id='word_1_106' title='bbox 755 1749 832 1810; x_wconf 78' lang='lat' dir='ltr'><em>quae</em></span> <span class='ocrx_word' id='word_1_107' title='bbox 850 1729 953 1811; x_wconf 84' lang='lat' dir='ltr'><em>posui,</em></span> <span class='ocrx_word' id='word_1_108' title='bbox 977 1727 1053 1790; x_wconf 89' lang='lat' dir='ltr'><em>mihi</em></span> <span class='ocrx_word' id='word_1_109' title='bbox 1074 1749 1146 1811; x_wconf 84' lang='lat' dir='ltr'><em>per·</em></span> 
     </span>
     <span class='ocr_line' id='line_1_15' title="bbox 142 1834 915 1919; baseline 0.006 -25"><span class='ocrx_word' id='word_1_110' title='bbox 142 1834 298 1912; x_wconf 75' lang='lat' dir='ltr'><em>suadeam,</em></span> <span class='ocrx_word' id='word_1_111' title='bbox 317 1841 522 1919; x_wconf 76' lang='lat' dir='ltr'><strong>argumentum</strong></span> <span class='ocrx_word' id='word_1_112' title='bbox 540 1838 690 1902; x_wconf 83' lang='lat' dir='ltr'><em>invenisse</em></span> <span class='ocrx_word' id='word_1_113' title='bbox 708 1838 783 1901; x_wconf 85' lang='lat' dir='ltr'><em>mibi</em></span> <span class='ocrx_word' id='word_1_114' title='bbox 802 1840 915 1903; x_wconf 74' lang='lat' dir='ltr'><em>videor.</em></span> 
     </span>
    </p>
   </div>
   <div class='ocr_carea' id='block_1_3' title="bbox 590 1995 690 2095">
    <p class='ocr_par' dir='ltr' id='par_1_3' title="bbox 590 1995 690 2095">
     <span class='ocr_line' id='line_1_16' title="bbox 590 1995 690 2095; baseline -0.03 -13"><span class='ocrx_word' id='word_1_115' title='bbox 590 1995 619 2095; x_wconf 67' lang='lat' dir='ltr'><em>i.</em></span> <span class='ocrx_word' id='word_1_116' title='bbox 653 2006 690 2082; x_wconf 85' lang='grc'><em>6.</em></span> 
     </span>
    </p>
   </div>
   <div class='ocr_carea' id='block_1_4' title="bbox 240 2150 1146 2256">
    <p class='ocr_par' dir='ltr' id='par_1_4' title="bbox 240 2150 1146 2256">
     <span class='ocr_line' id='line_1_17' title="bbox 240 2150 1146 2256; baseline 0.002 -28"><span class='ocrx_word' id='word_1_117' title='bbox 240 2150 371 2256; x_wconf 84' lang='lat' dir='ltr'>Neque</span> <span class='ocrx_word' id='word_1_118' title='bbox 397 2177 486 2231; x_wconf 80' lang='lat' dir='ltr'><em>vero</em></span> <span class='ocrx_word' id='word_1_119' title='bbox 517 2152 558 2227; x_wconf 85' lang='lat' dir='ltr'><em>in</em></span> <span class='ocrx_word' id='word_1_120' title='bbox 587 2154 665 2230; x_wconf 79' lang='lat' dir='ltr'><em>sola</em></span> <span class='ocrx_word' id='word_1_121' title='bbox 690 2158 859 2228; x_wconf 83' lang='lat' dir='ltr'><em>Graecia</em></span> <span class='ocrx_word' id='word_1_122' title='bbox 892 2151 1040 2253; x_wconf 79' lang='lat' dir='ltr'><em>antiqua</em></span> <span class='ocrx_word' id='word_1_123' title='bbox 1068 2159 1146 2229; x_wconf 89' lang='lat' dir='ltr'><em>Pe·</em></span> 
     </span>
    </p>
   </div>
   <div class='ocr_carea' id='block_1_5' title="bbox 139 2284 1158 3334">
    <p class='ocr_par' dir='ltr' id='par_1_5' title="bbox 139 2284 1158 2934">
     <span class='ocr_line' id='line_1_18' title="bbox 141 2284 1145 2386; baseline 0.003 -26"><span class='ocrx_word' id='word_1_124' title='bbox 141 2290 335 2386; x_wconf 78' lang='lat' dir='ltr'><em>lasgorum</em></span> <span class='ocrx_word' id='word_1_125' title='bbox 372 2287 552 2365; x_wconf 79' lang='lat' dir='ltr'><em>domicilia</em></span> <span class='ocrx_word' id='word_1_126' title='bbox 595 2286 794 2365; x_wconf 82' lang='lat' dir='ltr'><em>constituta</em></span> <span class='ocrx_word' id='word_1_127' title='bbox 839 2284 952 2362; x_wconf 81' lang='lat' dir='ltr'><em>fuisse</em></span> <span class='ocrx_word' id='word_1_128' title='bbox 994 2285 1145 2365; x_wconf 79' lang='lat' dir='ltr'><em>videtur</em></span> 
     </span>
     <span class='ocr_line' id='line_1_19' title="bbox 140 2418 1143 2527; baseline -0.002 -28"><span class='ocrx_word' id='word_1_129' title='bbox 140 2421 246 2501; x_wconf 86' lang='lat' dir='ltr'><em>nobis</em></span> <span class='ocrx_word' id='word_1_130' title='bbox 272 2422 514 2502; x_wconf 84' lang='lat' dir='ltr'><em>demonstrari</em></span> <span class='ocrx_word' id='word_1_131' title='bbox 539 2449 666 2527; x_wconf 88' lang='lat' dir='ltr'><em>posse,</em></span> <span class='ocrx_word' id='word_1_132' title='bbox 693 2420 759 2499; x_wconf 89' lang='lat' dir='ltr'><em>sed</em></span> <span class='ocrx_word' id='word_1_133' title='bbox 785 2418 895 2496; x_wconf 86' lang='lat' dir='ltr'><em>etiam</em></span> <span class='ocrx_word' id='word_1_134' title='bbox 915 2429 1034 2495; x_wconf 85' lang='lat' dir='ltr'><em>terras</em></span> <span class='ocrx_word' id='word_1_135' title='bbox 1053 2420 1143 2497; x_wconf 90' lang='lat' dir='ltr'><em>huic</em></span> 
     </span>
     <span class='ocr_line' id='line_1_20' title="bbox 140 2556 1158 2658; baseline 0.001 -26"><span class='ocrx_word' id='word_1_136' title='bbox 140 2556 310 2635; x_wconf 83' lang='lat' dir='ltr'><em>finitimas</em></span> <span class='ocrx_word' id='word_1_137' title='bbox 351 2558 502 2635; x_wconf 84' lang='lat' dir='ltr'><em>eandem</em></span> <span class='ocrx_word' id='word_1_138' title='bbox 539 2559 704 2637; x_wconf 86' lang='lat' dir='ltr'><em>tenuisse</em></span> <span class='ocrx_word' id='word_1_139' title='bbox 742 2565 889 2658; x_wconf 83' lang='lat' dir='ltr'>gentem</span> <span class='ocrx_word' id='word_1_140' title='bbox 926 2581 1158 2657; x_wconf 79' lang='lat' dir='ltr'><em>persuasum·</em></span> 
     </span>
     <span class='ocr_line' id='line_1_21' title="bbox 139 2691 860 2797; baseline -0.003 -31"><span class='ocrx_word' id='word_1_141' title='bbox 139 2693 245 2769; x_wconf 89' lang='lat' dir='ltr'><em>nobis</em></span> <span class='ocrx_word' id='word_1_142' title='bbox 271 2704 339 2776; x_wconf 82' lang='lat' dir='ltr'><em>est.</em></span> <span class='ocrx_word' id='word_1_143' title='bbox 390 2691 442 2767; x_wconf 85' lang='lat' dir='ltr'><em>Et</em></span> <span class='ocrx_word' id='word_1_144' title='bbox 465 2695 621 2797; x_wconf 82' lang='lat' dir='ltr'><em>primum</em></span> <span class='ocrx_word' id='word_1_145' title='bbox 647 2691 792 2794; x_wconf 88' lang='lat' dir='ltr'><em>quidem</em></span> <span class='ocrx_word' id='word_1_146' title='bbox 816 2701 860 2765; x_wconf 88' lang='lat' dir='ltr'><em>ut</em></span> 
     </span>
     <span class='ocr_line' id='line_1_22' title="bbox 274 2828 933 2934; baseline -0.017 -28"><span class='ocrx_word' id='word_1_147' title='bbox 274 2928 277 2934; x_wconf 23' lang='grc' dir='ltr'>Ι</span> <span class='ocrx_word' id='word_1_148' title='bbox 315 2835 347 2906; x_wconf 86' lang='grc'><em>1.</em></span> <span class='ocrx_word' id='word_1_149' title='bbox 379 2834 556 2929; x_wconf 81' lang='lat' dir='ltr'><em>antiquos</em></span> <span class='ocrx_word' id='word_1_150' title='bbox 581 2830 854 2909; x_wconf 81' lang='lat' dir='ltr'><em>Macedoniae,</em></span> <span class='ocrx_word' id='word_1_151' title='bbox 881 2828 933 2896; x_wconf 81' lang='lat' dir='ltr'><em>cic</em></span> 
     </span>
    </p>

    <p class='ocr_par' dir='ltr' id='par_1_6' title="bbox 139 2961 1124 3334">
     <span class='ocr_line' id='line_1_23' title="bbox 310 2961 874 3040; baseline -0.021 0"><span class='ocrx_word' id='word_1_152' title='bbox 310 2971 344 3040; x_wconf 83' lang='lat'><em>2.</em></span> <span class='ocrx_word' id='word_1_153' title='bbox 384 2967 573 3039; x_wconf 74' lang='lat' dir='ltr'><em>Thraciae</em></span> <span class='ocrx_word' id='word_1_154' title='bbox 600 2965 717 3036; x_wconf 82' lang='lat' dir='ltr'><em>omnis</em></span> <span class='ocrx_word' id='word_1_155' title='bbox 743 2961 874 3034; x_wconf 87' lang='lat' dir='ltr'><em>incolis</em></span> 
     </span>
     <span class='ocr_line' id='line_1_24' title="bbox 139 3096 1124 3196; baseline -0.003 -26"><span class='ocrx_word' id='word_1_156' title='bbox 139 3119 326 3170; x_wconf 85' lang='lat' dir='ltr'><em>commune</em></span> <span class='ocrx_word' id='word_1_157' title='bbox 365 3123 447 3172; x_wconf 84' lang='lat' dir='ltr'><em>eum</em></span> <span class='ocrx_word' id='word_1_158' title='bbox 485 3098 755 3196; x_wconf 73' lang='lat' dir='ltr'><em>antiquissimis</em></span> <span class='ocrx_word' id='word_1_159' title='bbox 784 3096 974 3166; x_wconf 83' lang='lat' dir='ltr'><em>Graeciae</em></span> <span class='ocrx_word' id='word_1_160' title='bbox 1008 3097 1124 3167; x_wconf 77' lang='lat' dir='ltr'><em>incol‘</em></span> 
     </span>
     <span class='ocr_line' id='line_1_25' title="bbox 139 3224 1049 3334; baseline -0.004 -30"><span class='ocrx_word' id='word_1_161' title='bbox 139 3252 252 3334; x_wconf 84' lang='lat' dir='ltr'><em>genus</em></span> <span class='ocrx_word' id='word_1_162' title='bbox 278 3228 390 3304; x_wconf 86' lang='lat' dir='ltr'><em>fuisse</em></span> <span class='ocrx_word' id='word_1_163' title='bbox 416 3229 476 3308; x_wconf 84' lang='lat' dir='ltr'><em>vel</em></span> <span class='ocrx_word' id='word_1_164' title='bbox 501 3228 655 3305; x_wconf 83' lang='lat' dir='ltr'><em>maxime</em></span> <span class='ocrx_word' id='word_1_165' title='bbox 681 3225 868 3328; x_wconf 82' lang='lat' dir='ltr'><em>probabile</em></span> <span class='ocrx_word' id='word_1_166' title='bbox 894 3224 1049 3302; x_wconf 83' lang='lat' dir='ltr'><em>videtur.</em></span> 
     </span>
    </p>
   </div>
   <div class='ocr_carea' id='block_1_6' title="bbox 133 3493 1140 4012">
    <p class='ocr_par' dir='ltr' id='par_1_7' title="bbox 133 3493 1140 4012">
     <span class='ocr_line' id='line_1_26' title="bbox 213 3493 1140 3580; baseline -0.005 -21"><span class='ocrx_word' id='word_1_167' title='bbox 213 3497 375 3580; x_wconf 70' lang='lat' dir='ltr'><em>postquem</em></span> <span class='ocrx_word' id='word_1_168' title='bbox 388 3498 565 3571; x_wconf 79' lang='lat' dir='ltr'><em>Graeciam,</em></span> <span class='ocrx_word' id='word_1_169' title='bbox 585 3515 710 3575; x_wconf 84' lang='lat' dir='ltr'><em>eamque</em></span> <span class='ocrx_word' id='word_1_170' title='bbox 723 3499 818 3555; x_wconf 84' lang='lat' dir='ltr'><em>totam</em></span> <span class='ocrx_word' id='word_1_171' title='bbox 837 3493 1048 3573; x_wconf 80' lang='lat' dir='ltr'><em>antiquissimis</em></span> <span class='ocrx_word' id='word_1_172' title='bbox 1062 3499 1140 3554; x_wconf 89' lang='lat' dir='ltr'><em>tem·</em></span> 
     </span>
     <span class='ocr_line' id='line_1_27' title="bbox 138 3604 1139 3690; baseline -0.005 -22"><span class='ocrx_word' id='word_1_173' title='bbox 138 3608 260 3690; x_wconf 88' lang='lat' dir='ltr'><em>poribus</em></span> <span class='ocrx_word' id='word_1_174' title='bbox 284 3607 488 3684; x_wconf 73' lang='lat' dir='ltr'><em>Pelasgieam</em></span> <span class='ocrx_word' id='word_1_175' title='bbox 512 3611 632 3687; x_wconf 80' lang='lat' dir='ltr'><em>gentem</em></span> <span class='ocrx_word' id='word_1_176' title='bbox 657 3604 789 3665; x_wconf 87' lang='lat' dir='ltr'><em>tenuisse</em></span> <span class='ocrx_word' id='word_1_177' title='bbox 814 3604 1050 3664; x_wconf 82' lang='lat' dir='ltr'><em>demonstratum</em></span> <span class='ocrx_word' id='word_1_178' title='bbox 1076 3609 1139 3677; x_wconf 83' lang='lat' dir='ltr'><em>est,</em></span> 
     </span>
     <span class='ocr_line' id='line_1_28' title="bbox 138 3712 1139 3795; baseline -0.008 -16"><span class='ocrx_word' id='word_1_179' title='bbox 138 3719 213 3795; x_wconf 83' lang='lat' dir='ltr'><em>inm,</em></span> <span class='ocrx_word' id='word_1_180' title='bbox 232 3737 304 3779; x_wconf 88' lang='lat' dir='ltr'><em>num</em></span> <span class='ocrx_word' id='word_1_181' title='bbox 328 3735 395 3778; x_wconf 83' lang='lat' dir='ltr'><em>eam</em></span> <span class='ocrx_word' id='word_1_182' title='bbox 419 3716 529 3789; x_wconf 82' lang='lat' dir='ltr'><em>solem,</em></span> <span class='ocrx_word' id='word_1_183' title='bbox 556 3733 593 3774; x_wconf 85' lang='lat' dir='ltr'><em>an</em></span> <span class='ocrx_word' id='word_1_184' title='bbox 619 3712 711 3773; x_wconf 84' lang='lat' dir='ltr'><em>ctiam</em></span> <span class='ocrx_word' id='word_1_185' title='bbox 735 3713 807 3774; x_wconf 82' lang='lat' dir='ltr'><em>alias</em></span> <span class='ocrx_word' id='word_1_186' title='bbox 835 3712 999 3772; x_wconf 78' lang='lat' dir='ltr'><em>obtinuerit</em></span> <span class='ocrx_word' id='word_1_187' title='bbox 1023 3717 1139 3785; x_wconf 82' lang='lat' dir='ltr'><em>terras,</em></span> 
     </span>
     <span class='ocr_line' id='line_1_29' title="bbox 136 3812 1138 3915; baseline -0.003 -31"><span class='ocrx_word' id='word_1_188' title='bbox 136 3826 347 3906; x_wconf 73' lang='lat' dir='ltr'><em>inquirendum</em></span> <span class='ocrx_word' id='word_1_189' title='bbox 374 3823 494 3885; x_wconf 81' lang='lat' dir='ltr'><em>videtur</em></span> <span class='ocrx_word' id='word_1_190' title='bbox 523 3829 597 3915; x_wconf 69' lang='lat' dir='ltr'><em>essq.</em></span> <span class='ocrx_word' id='word_1_191' title='bbox 641 3819 682 3883; x_wconf 78' lang='lat' dir='ltr'><em>Et</em></span> <span class='ocrx_word' id='word_1_192' title='bbox 708 3812 838 3904; x_wconf 80' lang='lat' dir='ltr'><em>primum</em></span> <span class='ocrx_word' id='word_1_193' title='bbox 867 3820 988 3903; x_wconf 85' lang='lat' dir='ltr'><em>quidem</em></span> <span class='ocrx_word' id='word_1_194' title='bbox 1017 3820 1055 3881; x_wconf 88' lang='lat' dir='ltr'><em>de</em></span> <span class='ocrx_word' id='word_1_195' title='bbox 1085 3821 1138 3896; x_wconf 86' lang='lat' dir='ltr'><em>iis,</em></span> 
     </span>
     <span class='ocr_line' id='line_1_30' title="bbox 133 3922 1137 4012; baseline -0.006 -20"><span class='ocrx_word' id='word_1_196' title='bbox 133 3954 211 4012; x_wconf 86' lang='lat' dir='ltr'><em>qaae</em></span> <span class='ocrx_word' id='word_1_197' title='bbox 241 3934 475 4010; x_wconf 73' lang='lat' dir='ltr'><em>septentrionem</em></span> <span class='ocrx_word' id='word_1_198' title='bbox 505 3951 610 3990; x_wconf 71' lang='lat' dir='ltr'><em>versas</em></span> <span class='ocrx_word' id='word_1_199' title='bbox 630 3922 810 3991; x_wconf 77' lang='lat' dir='ltr'><em>¹Graeciam</em></span> <span class='ocrx_word' id='word_1_200' title='bbox 844 3928 992 4006; x_wconf 77' lang='lat' dir='ltr'><em>aclJ‘ocent</em></span> <span class='ocrx_word' id='word_1_201' title='bbox 1027 3931 1137 3999; x_wconf 80' lang='lat' dir='ltr'><em>terris,</em></span> 
     </span>
    </p>
   </div>
   <div class='ocr_carea' id='block_1_7' title="bbox 0 0 1288 4672">
    <p class='ocr_par' dir='ltr' id='par_1_8' title="bbox 0 0 1288 4672">
     <span class='ocr_line' id='line_1_31' title="bbox 0 0 1288 4672; baseline 0 1"><span class='ocrx_word' id='word_1_202' title='bbox 0 0 1288 4672; x_wconf 95' lang='lat' dir='ltr'><em> </em></span> 
     </span>
    </p>
   </div>
  </div>
 </body>
</html>
