2566 4672
424 177 698 250 ...65-

55 352 171 407 tautam
190 345 347 407 bominum
365 343 604 419 multitudinem,
623 351 777 426 quassum,
795 363 872 428 quae
891 352 956 410 tum
973 348 1054 411 insu

55 456 101 516 las
119 456 212 517 maris
231 456 355 531 Aegaei
379 461 443 514 tum
466 453 534 513 illas
553 454 653 512 Asiae
671 456 808 532 regiones
825 456 958 533 tenebat,
976 458 1054 519 sunl

53 585 180 627 necesse
204 572 269 641 est,
296 584 336 625 ex
355 563 490 623 Graecia
516 562 633 624 exiisse.
672 560 750 624 Nam
774 567 809 624 ut
826 564 972 642 Dionysio
995 565 1052 628 ur-

53 676 191 757 giamur,
210 673 408 732 Helleaicam
425 677 561 752 gentem,
580 688 673 751 quum
691 671 823 752 primum
841 673 874 734 in
895 672 1057 734 Thessalia

54 783 209 844 domicilia
229 781 434 855 constituerit,
452 780 604 856 Pelasgos
622 781 763 860 ejecisse,
781 781 921 862 prolecto
938 800 1000 845 nou
1014 784 1058 845 aa

54 911 160 975 magna
178 890 336 952 hominum
353 891 399 950 vis
418 907 436 949 a
454 894 543 968 geute
562 887 635 968 pelli
653 889 768 969 potnit,
788 910 878 970 qnam
896 891 1059 955 inralidsns

57 1008 89 1065 et
113 1019 257 1083 perquam
282 1016 408 1081 parvam
431 997 524 1058 fuisse
547 996 697 1055 Herodoto
712 995 742 1074 ¹)
767 1004 891 1061 auctora
919 1019 1055 1083 comper·

55 1118 122 1172 tum
142 1108 296 1170 habemus,
334 1105 440 1188 Neque
464 1105 593 1186 posteris
617 1107 802 1187 temporibus
826 1127 965 1192 mamam
989 1111 1056 1191 qui·
1135 1106 1144 1129 ‘

56 1219 129 1280 dem
149 1218 357 1296 Pelasgorum
374 1234 533 1276 numerum
546 1215 682 1272 Graecia
701 1235 852 1297 effessum
868 1237 934 1281 0⁸³0
950 1219 1055 1281 verini.

60 1327 134 1387 mile
158 1333 220 1400 cst,
247 1346 338 1406 quum
366 1345 428 1385 uon
455 1330 520 1384 tam
547 1322 651 1403 ejectis
679 1323 786 1404 priscis
812 1325 939 1402 ineolis,
967 1345 1059 1409 qnam

65 1437 216 1497 conversis
240 1441 351 1496 terram
376 1433 574 1493 Hellenicam
597 1431 709 1493 factm
733 1453 799 1495 essa
824 1433 1060 1497 demonstratum

60 1546 112 1607 sit.
145 1543 281 1619 Accedit,
300 1543 397 1625 quod,
421 1543 448 1603 si
465 1542 674 1618 Pelasgorum
698 1549 833 1624 partem,
853 1545 991 1604 Graecia
1012 1563 1060 1607 re·

57 1653 148 1729 licta,
171 1673 266 1715 novas
288 1654 321 1713 in
344 1653 412 1713 aliis
435 1652 526 1712 terris
551 1651 638 1712 sedes
662 1652 719 1714 sibi
741 1654 925 1734 quaesivisse
948 1659 1060 1716 status·

56 1785 142 1838 mus,
160 1769 197 1823 ut
215 1762 309 1836 sami,
327 1760 449 1819 iaaalao
467 1767 500 1822 et
514 1760 629 1819 Asiam
647 1760 701 1822 has
719 1761 828 1838 subse,
846 1782 907 1824 non
925 1781 1058 1837 accuse,

57 1874 104 1934 ita
132 1872 261 1932 fortasse
290 1871 380 1931 etiem
406 1869 588 1951 probabilius
618 1876 680 1945 est,
720 1871 753 1931 in
780 1870 854 1933 alias
881 1879 977 1934 terras
1006 1892 1059 1935 eos

57 1981 215 2065 proiectos
234 1999 309 2042 esse.
345 1978 515 2038 Herodotus
533 1979 671 2059 quidem,
694 1979 777 2041 nulla
795 1981 1003 2060 Pelasgorum
1026 1983 1057 2042 in

56 2093 126 2154 illas
144 2091 283 2173 regiones
300 2088 477 2168 migratione
497 2091 744 2164 commemorata,
770 2089 804 2150 in
826 2089 916 2152 slim
933 2098 1059 2166 terram,

58 2203 123 2264 sive
141 2199 330 2261 Macedonia
350 2215 385 2257 ea
405 2202 467 2271 est,
486 2197 548 2258 sive
567 2197 681 2266 Italia,
700 2197 852 2276 Pelasgos
871 2219 911 2260 ex
924 2198 1061 2259 Graecia

60 2309 214 2393 prolectas
231 2327 298 2370 esse
317 2313 424 2367 auctor
443 2312 489 2367 est
504 2304 542 2383 ²).
581 2304 673 2386 Cujus
688 2307 715 2369 si
732 2307 835 2370 multis
855 2307 1061 2370 demonstrare

63 2420 247 2500 susciperem
264 2417 410 2496 majorem
428 2414 507 2496 apud
529 2435 584 2475 uos
610 2435 675 2477 esse
699 2417 810 2480 debere
834 2418 1059 2490 anctoritatem,

64 2547 156 2610 quam
173 2527 414 2602 Dionysiana»,
432 2530 551 2604 tempas
574 2525 703 2604 perdere
720 2526 796 2587 mihi
813 2526 943 2587 viderer.
980 2523 1063 2585 Ilaec

62 2639 163 2714 enim,
186 2654 255 2697 mea
280 2635 401 2715 quidem
425 2634 589 2708 sententia,
618 2635 769 2699 levissima
794 2654 852 2696 nee
877 2634 966 2695 ullius
987 2654 1062 2716 pon·

64 2747 148 2808 deris
167 2752 198 2806 ct
214 2742 359 2806 momenti
379 2747 440 2818 est,
464 2743 508 2802 ita
532 2750 567 2803 ut
588 2744 716 2826 ingenue
736 2744 874 2806 confiteri
892 2763 954 2806 non
979 2744 1061 2806 dubi·

62 2863 146 2930 tem‚
170 2873 236 2915 eam
257 2857 376 2913 tantum
402 2851 482 2933 apud
505 2871 555 2913 mo
574 2853 691 2927 valere,
715 2859 765 2928 ut,
790 2853 817 2914 si
836 2853 979 2917 deductus
997 2873 1063 2916 csse

63 2984 106 3028 ex
126 2964 262 3022 Graecia
287 2961 419 3023 colonias
438 2961 646 3038 Pelasgicos,
671 2961 745 3022 mihi
769 2963 980 3045 persuadeam,
1005 2963 1065 3026 uoo

63 3074 192 3147 helam,
216 3092 278 3132 non
301 3076 457 3152 permotas
480 3070 680 3146 Dionysiana
703 3072 761 3132 ista
785 3078 980 3150 auctoritate,
1011 3075 1065 3137 sed

63 3188 193 3262 propter
211 3181 284 3242 alias
303 3180 447 3261 quasdam
470 3196 591 3253 emtas,
616 3199 693 3259 qnae
718 3180 777 3243 hoe
801 3183 926 3245 suadere
944 3183 1066 3244 videan-

63 3299 126 3353 tur.
164 3289 242 3350 Nam
261 3309 351 3370 quam
376 3307 482 3369 parum
504 3286 576 3347 fidei
595 3289 811 3365 Dionysianae
835 3288 1000 3351 namatioui
1028 3287 1067 3349 de

65 3400 211 3480 dispersis
236 3418 275 3459 ex
304 3395 466 3454 Thessalia
492 3414 716 3476 quoquoversus
741 3398 887 3474 Pelasgia
914 3396 954 3454 sit
983 3397 1066 3454 attri-

65 3507 203 3581 buenda,
222 3508 407 3586 quicunqne,
427 3504 576 3584 quomodo
596 3511 662 3564 orta
681 3507 732 3580 sit,
750 3509 942 3585 perspectum
960 3500 1067 3576 habet,

64 3617 120 3679 vel
144 3636 193 3677 me
218 3634 280 3674 non
308 3619 459 3673 momente
482 3613 574 3674 videt.
617 3611 684 3672 Hoc
712 3619 813 3671 autem
840 3615 903 3669 lam
932 3617 1069 3691 apertum

67 3731 162 3805 atque
180 3724 372 3806 perspicuum
386 3719 602 3794 essaarbitror‚
621 3728 666 3794 ut,
685 3718 864 3800 praesertim
876 3739 968 3797 quum
980 3739 1071 3803 supra

68 3833 271 3916 impulerim,
290 3831 363 3914 quid
383 3829 496 3891 dehac
522 3845 557 3886 re
576 3828 712 3903 seutiam,
739 3827 971 3907 declaraverim,
994 3829 1069 3892 mul·

755 3939 774 4000 ⁵
