2566 4672
119 453 272 513 historiam
292 452 460 514 litterarum
480 454 679 518 monumentis
700 474 723 512 cs
737 455 875 534 nsignare
896 455 1038 529 noluisse,
1059 464 1128 518 tum

118 571 227 635 autem,
246 563 396 642 qnuurad
416 563 524 625 librum
544 562 781 642 componendum
797 563 1016 644 accingeretur,
1031 564 1127 644 banc,

111 691 195 755 ‘quac
224 675 293 730 Lao
321 681 353 734 et
377 673 478 731 Silaro
497 671 670 729 fluminibus
699 672 881 746 continetur,
909 675 1077 754 regionem,
1110 696 1128 737 a

120 783 262 841 Mennis
282 783 443 854 subactam,
463 781 522 857 jam
543 779 659 835 ltaliae
679 787 796 861 partem
818 802 883 841 esse
903 782 1035 844 desiisse.
1099 769 1101 775 ¹

196 893 323 954 'lantum
343 896 441 949 autem
461 888 565 960 abluit,
591 893 625 945 ut
649 889 850 948 Lucanorum
874 892 964 951 armis
995 892 1128 954 ulterius

122 1001 255 1085 prolatis,
275 1003 395 1077 totaque
418 994 566 1052 Oenotria
591 996 641 1056 vel
660 997 762 1055 Italia
788 999 825 1056 ad
837 997 961 1076 fretum
981 1001 1128 1060 Siculum

121 1129 214 1188 nsque
233 1109 264 1166 in
283 1122 387 1165 eorum
405 1109 588 1194 potestatem
608 1105 741 1181 redacta,
761 1126 884 1167 sonoro
898 1109 1009 1170 deinde
1021 1112 1129 1171 Brut--

120 1220 231 1274 tiorum
254 1212 365 1295 populo
392 1219 471 1285 orto,
497 1213 617 1272 ltaliae
647 1235 768 1290 nomen,
793 1216 883 1297 plane
917 1229 1127 1296 evanesceret,

119 1331 154 1385 ut
174 1320 229 1382 ‘diu
253 1326 323 1402 post
347 1321 500 1380 Antiochi
529 1328 677 1404 tempora,
709 1344 798 1405 quarn
824 1327 1033 1405 illu-eandem
1056 1331 1127 1390 aliis

120 1432 250 1492 Graecis
274 1431 470 1511 scriptoribus
495 1434 629 1492 lamiam
653 1442 827 1518 usurpatam
852 1457 916 1498 esse
941 1445 1052 1498 terram
1079 1441 1125 1498 in-

118 1540 282 1602 veniamus.
326 1539 455 1603 Exstant
478 1542 567 1624 hujus
597 1546 725 1606 nominis
751 1549 886 1630 vestigia,
912 1569 929 1607 a
953 1546 1126 1607 blebem-io

119 1648 278 1728 diligenter
299 1651 427 1731 collecta
448 1657 493 1725 ⁹),
514 1674 553 1715 ex
572 1656 681 1736 quibus
699 1656 764 1736 juro
780 1657 879 1737 colligi
891 1675 978 1737 posse
991 1651 1118 1721 videtur,

120 1757 255 1818 Graecos
275 1760 315 1819 ad
335 1780 361 1821 a.
383 1761 495 1822 Christ.
522 1782 582 1823 ccc.
608 1770 643 1822 ut
669 1762 834 1837 Oenotriae
858 1763 900 1819 sic
924 1753 1039 1830 ltpliae
1066 1775 1120 1814 no·

118 1885 188 1927 men
207 1866 279 1928 huic
298 1876 409 1944 terrae,
429 1889 505 1948 quae
526 1889 544 1928 a
562 1871 755 1943 Metaponto
773 1887 811 1926 sc
827 1867 895 1924 Lao
914 1862 1036 1920 flumine
1058 1867 1119 1923 ori·

119 1982 179 2050 tor,
199 1974 333 2034 tribuere
358 1976 464 2035 solitos
489 1977 597 2048 fuisse,
622 1997 680 2035 nec
704 1976 822 2047 rutrum,
847 1991 939 2051 quum
965 1979 1121 2032 cousenta-

119 2105 211 2146 neum
230 2086 279 2159 sit,
301 2084 435 2141 Graecos
452 2085 612 2157 scriptores
629 2101 748 2153 nomen,
769 2100 828 2160 qno
855 2100 934 2157 eum,
960 2083 1009 2142 cui
1033 2101 1121 2141 accu-

120 2195 264 2255 ratiorem
284 2199 316 2253 ct
335 2191 499 2273 pleniorem
520 2190 840 2271 terraccoguitioncm
865 2199 1018 2272 acceptam
1043 2191 1092 2250 rel
1110 2229 1121 2242 -

54 2334 101 2429 ‘bb
120 2304 237 2379 rebant,
268 2323 355 2363 usum
389 2319 454 2362 esse
484 2300 636 2374 videbant,
666 2300 808 2381 quodque
836 2321 855 2362 e
881 2303 1023 2370 Graecis,
1053 2319 1122 2360 oras

46 2412 65 2435 Α
78 2426 81 2431 “
94 2408 106 2429 ”
120 2406 256 2476 'Italicas
273 2409 482 2486 insolentibus,
502 2416 653 2470 servatum
673 2429 739 2470 esse
765 2411 927 2472 verisimile
947 2417 1003 2483 est,
1030 2410 1122 2470 etiam

122 2529 186 2583 tum
207 2531 306 2583 terrac
326 2522 469 2603 posuisse,
490 2541 581 2600 quum
607 2538 642 2585 ea
668 2519 705 2579 ab
732 2522 879 2602 indigenis
904 2522 969 2581 aliis
994 2520 1122 2579 nomini-

123 2632 177 2693 bus
202 2634 435 2714 nuncupabatur.
474 2629 538 2691 Hoc
562 2650 634 2690 vero
667 2637 723 2706 est,
744 2633 823 2710 quod
843 2632 971 2706 mireris,
1003 2629 1054 2708 qui
1079 2628 1093 2686 l
1114 2665 1122 2675 ·

121 2747 203 2800 ctam
225 2744 272 2815 sit,
295 2749 327 2800 ut
346 2736 566 2827 insequentibus
586 2742 771 2822 temporibus
792 2744 882 2801 etiam
907 2742 996 2800 latius
1016 2742 1123 2816 putens

121 2854 255 2927 potestas
275 2853 341 2908 voci
362 2852 479 2930 ltaliae
499 2847 630 2929 subjecta
652 2851 700 2924 sit,
726 2851 769 2909 ita
795 2858 827 2909 ut
853 2853 932 2908 circa
959 2845 1006 2903 vel
1032 2841 1121 2920 paulo

120 2957 189 3036 post
211 2957 287 3015 bella
309 2956 465 3031 aPyrrlm
485 2960 515 3017 in
536 2958 636 3016 Italia
650 2966 734 3040 gesta
748 2959 806 3016 boc
820 2977 929 3015 nomen
948 2955 984 3014 ad
1006 2975 1119 3028 omncs,
1163 3017 1167 3024 ,

120 3083 196 3143 quae
222 3065 285 3124 sere
311 3085 328 3124 a
356 3065 460 3123 'lt'beri
476 3069 575 3127 'fluvio
607 3074 639 3127 et
662 3087 742 3143 agro
766 3069 884 3123 Piceno
907 3065 938 3123 iu
964 3065 1122 3124 meridiem

120 3179 267 3253 spectant,
277 3181 374 3234 terras
394 3177 593 3237 communiter
607 3175 812 3256 signiticandas
826 3194 882 3233 nee
902 3175 1003 3236 acolis
1019 3177 1120 3234 Grae-

121 3283 162 3339 cis
187 3284 395 3358 computoribus,
420 3285 474 3344 sed
507 3287 544 3345 ab
576 3289 650 3362 apsis
683 3296 784 3342 terroe
815 3284 923 3341 incolis
954 3285 1119 3344 adhibitum

121 3412 186 3453 esse
211 3392 372 3453 verisimile
398 3396 456 3455 sit..
484 3393 551 3455 Hoc
574 3399 658 3455 certo
677 3398 814 3452 constare
833 3394 963 3470 videtur,
982 3395 1120 3476 populos,

121 3502 171 3581 qui
192 3502 270 3562 betto
290 3505 427 3560 Marsico
446 3503 605 3582 conjuncta
629 3521 712 3561 arma
742 3502 892 3560 Romanis
916 3505 1052 3564 intulisse
1079 3504 1120 3560 fc-

120 3619 237 3685 runtur,
258 3611 435 3672 omncscc'bi
455 3613 550 3671 ltalia
567 3612 617 3672 vel
634 3612 772 3681 Italicis,
793 3624 907 3682 terrae,
928 3632 1018 3693 quam
1037 3617 1117 3670 tenc·

120 3717 203 3790 bant,
229 3721 356 3796 Italiae,
387 3721 468 3797 urbi,
493 3740 583 3802 quam
611 3720 741 3780 foederis
771 3731 860 3802 caput
894 3721 1121 3794 constituerant,

106 3818 256 3883 ⁴Italicus
276 3848 385 3889 nomen
405 3830 543 3892 tribuisse
566 3829 624 3908 ¹9).-
652 3830 748 3909 ¹<luae
769 3831 959 3890 Mesalum
980 3830 1016 3888 ad
1045 3827 1123 3887 bauo

122 3951 185 3992 rem
205 3936 412 4000 illustrandam
433 3941 543 4014 attulit,
565 3960 600 4001 ea
620 3941 693 4001 satis
706 3939 827 4021 quidem
846 3940 954 4003 idonea
974 3926 1123 4012 videntur,
