2566 4672
484 247 761 324 -101-

205 424 234 472 io
251 415 370 471 Italiam
387 418 514 486 prolectas
532 434 595 484 ease,
618 419 659 471 vel
677 419 783 472 omnino
800 420 828 472 tn
851 416 957 469 Italiae
974 418 1118 471 incolarum

134 504 140 508 ⁵
206 538 319 573 numero
340 516 477 588 Pelasgos
498 519 575 571 fuisse
596 534 761 606 ¹compertum
781 536 983 588 persuasumque
1005 522 1053 573 sibi
1070 522 1118 574 ha-

207 623 309 685 lauisse,
330 637 460 688 nusquam
476 619 595 689 tegimus,
612 638 674 672 eutn
685 618 874 689 Pelasgorum,
891 638 956 688 quos
967 620 1122 674 Athenien·

207 721 280 775 sium
304 722 436 780 συνοίκους
462 723 540 781 husae
564 720 649 785 tradit,
673 723 783 787 origines
810 738 841 772 ex
865 719 956 774 Italia
982 724 1120 789 repetiisse.

207 824 305 877 Contra
321 824 401 891 longa
418 824 495 875 auam
511 821 544 873 de
562 823 603 873 his
618 823 769 874 seutentiam
786 824 873 874 animo
890 824 1056 875 informatam
1072 824 1122 874 ha-

206 926 306 989 buiase,
324 941 419 991 eosque
436 940 468 975 ex
483 918 660 974 Samothrace
677 925 704 973 in
714 922 842 976 Atticam
858 926 1003 991 pemcnissa
1019 923 1122 975 videtur

208 1028 355 1094 sumpsisse.
388 1024 456 1075 Nam
473 1026 514 1076 vix
532 1023 641 1075 dubium
658 1042 712 1074 esse
729 1026 795 1077 mihi
811 1024 926 1090 ridetur,
942 1027 1005 1092 quin
1025 1023 1124 1078 Pelas-

209 1127 255 1196 gi,
280 1145 353 1194 quos,
371 1126 464 1191 ejectos
481 1142 512 1175 ex
529 1123 641 1188 sedibus,
658 1143 722 1192 quae
739 1129 809 1177 muri
826 1129 889 1178 arcis
908 1130 1029 1180 exstructi
1045 1143 1123 1193 prte-

210 1230 296 1281 mium
316 1227 349 1278 ab
370 1222 584 1278 Atheniensibus
606 1226 637 1274 iis
659 1225 707 1276 sub
731 1227 863 1296 Hymetto
886 1244 1020 1280 concessae
1045 1239 1126 1289 erant,

213 1332 342 1379 Lemnum
364 1328 476 1394 aliasque
499 1338 580 1377 terras
603 1342 739 1394 occupasse
763 1328 854 1394 tradit,
881 1329 1007 1398 (VL137
1023 1352 1058 1369 ·-
1073 1325 1123 1393 40)

216 1427 296 1481 iidem
311 1431 371 1492 siut,
388 1445 467 1496 quoa,
488 1429 539 1479 elio
556 1429 614 1477 loco
633 1445 664 1479 cx
681 1427 857 1481 Samothrace
874 1432 901 1480 in
919 1424 1043 1482 Atticam
1060 1447 1125 1496 pro-

217 1531 307 1595 iectos,
333 1526 540 1581 Atheniensium
567 1529 697 1586 συνοίκους
721 1531 802 1581 lectos
828 1547 882 1582 esse
906 1544 993 1582 narsae
1009 1557 1044 1570 -
1072 1525 1125 1591 'lips

189 1684 193 1691 ,
218 1626 297 1695 οὗτοι,
313 1632 401 1698 τοίπερ
422 1627 572 1692 Ἀθηναίοις
596 1627 707 1691 σύνοικοι
733 1631 850 1695 iysrorno.
877 1658 912 1670 -
952 1631 1125 1698 Quapropter,

214 1734 404 1801 Σαμοθρηῖκην
427 1733 508 1782 οἴκεον
530 1728 653 1801 πρότερον
675 1730 809 1796 Πελασγοὶ
826 1731 897 1800 qarod
914 1732 967 1796 jam
984 1728 1126 1783 Reiskium

212 1837 343 1886 monuisse
366 1833 455 1897 video,
484 1835 525 1885 vel
546 1837 659 1884 maxime
681 1833 829 1900 urgeudtun
851 1835 916 1884 milri
940 1831 1042 1891 videtur
1064 1849 1127 1895 esse,

213 1936 252 1999 „si
264 1936 384 2002 Pelasgos
402 1936 503 1988 Italiam
520 1936 660 1987 incolentes
674 1936 815 1986 intellectos
828 1936 951 1986 voluisset
962 1932 1128 1994 Herodotus,

212 2052 270 2087 rem
287 2055 340 2091 uon
357 2039 393 2087 sio
410 2035 480 2088 nude
496 2038 574 2087 luisse
597 2038 794 2103 loquuturum.“
810 2062 845 2074 -

127 2226 132 2233 -
172 2189 197 2242 6.
215 2188 349 2239 Praeterea
376 2205 425 2254 ego
448 2205 551 2254 quoque
573 2189 602 2238 iis
626 2186 817 2240 assentiendum
840 2205 894 2238 esse
918 2203 994 2256 puto,
1021 2186 1065 2253 qui
1086 2184 1129 2236 rix

215 2289 338 2340 credibile
362 2306 416 2339 esse
440 2287 542 2352 dicrrnt,
558 2288 729 2340 Herodotum
747 2305 896 2339 sermonem
913 2290 1063 2348 hominum,
1084 2287 1129 2352 qui

193 2401 268 2447 ,tam
292 2389 417 2454 disjuncta
441 2386 568 2457 oppidula
585 2391 727 2453 tenuerint,
744 2391 811 2439 inter
828 2407 855 2439 sc
873 2391 1021 2451 contulisse,
1039 2403 1129 2453 quum,

216 2508 280 2558 quae
294 2486 463 2541 Niebuhrius
480 2489 513 2538 ad
531 2488 596 2538 hauc
615 2488 779 2539 difficulatem
798 2487 939 2538 tollendam
957 2487 1047 2548 attulit,
1063 2487 1130 2536 mihi

215 2609 270 2641 non
293 2593 452 2654 satisfecisse,
480 2608 534 2640 non
561 2601 599 2638 est
621 2587 691 2654 quod
709 2587 878 2639 dissimulem.
918 2587 950 2637 In
967 2587 1067 2653 quibus,
1084 2589 1130 2652 qui

217 2693 263 2744 tali
280 2691 346 2746 Viro
364 2691 479 2743 accidere
496 2693 610 2756 potuerit
627 2690 722 2752 miror,
740 2701 768 2739 ut
786 2701 918 2755 apertum,
936 2704 1015 2754 quem
1031 2684 1129 2745 dicunt,

218 2794 344 2844 circulum
366 2795 393 2841 in
416 2789 617 2842 demonstrando
640 2791 742 2842 faceret.
782 2789 850 2841 Nam
867 2790 889 2839 si
905 2790 932 2839 in
948 2791 998 2838 fine
1015 2785 1132 2855 disputa-

218 2896 295 2945 tionis
312 2893 399 2944 addit:
434 2892 519 2956 „disse
538 2891 617 2941 Stelle
636 2893 704 2957 zeigt
721 2908 823 2956 genug,
846 2889 903 2940 dass
927 2906 953 2939 es
976 2890 1032 2938 ihm
1056 2886 1132 2954 (dam

219 2983 361 3059 Ilcrodot)x
374 2991 453 3042 daran
476 2994 531 3059 lag,
553 2993 732 3042 auszumittclu
755 2994 804 3042 wie
822 2991 877 3042 sich
895 2990 935 3040 die
953 2986 1069 3041 Dialelte
1087 3007 1133 3040 aus

221 3095 303 3146 Oeten
325 3093 381 3144 und
404 3095 510 3144 Westen
527 3093 683 3142 acrhielten“
701 3118 733 3128 -
757 3110 835 3142 sterno
853 3110 906 3143 non
923 3090 993 3143 ridet
1009 3090 1044 3154 id,
1062 3089 1133 3158 quod

218 3215 267 3264 pro
295 3207 447 3261 argumento
474 3205 598 3254 suruatur,
626 3194 708 3260 ipsam
734 3210 791 3245 rem
816 3211 884 3256 esse,
911 3210 975 3260 quae
1000 3188 1134 3260 probanda

222 3310 283 3348 erat·
301 3308 334 3334 ·“’·

204 3446 250 3516 35)
268 3446 398 3496 Bracata
415 3445 529 3504 sareon
548 3444 612 3497 Lis.
630 3444 673 3512 (L.
690 3443 785 3500 XXVI,
803 3461 826 3493 e.
843 3441 890 3512 25)
907 3442 1033 3505 Bottiaea3
1052 3439 1134 3494 Thur.

146 3545 262 3616 (1199.)
280 3540 390 3610 Bossia,
420 3543 549 3595 Βοιτιαία
573 3547 622 3615 (11.
639 3543 716 3612 100),
740 3539 1134 3607 Boaasnai'(11.101);hocta-

133 3664 197 3699 men
216 3648 249 3700 de
266 3651 340 3703 novis
357 3648 484 3712 sedibus‚'
496 3664 559 3716 quas
577 3646 714 3710 Bottiaei,
730 3646 842 3713 pristinis
860 3643 940 3705 ejecti,
956 3643 983 3690 ln
997 3641 1133 3707 peninsula

135 3749 297 3802 Chalcidice
314 3761 500 3818 occupaverant
518 3747 574 3817 (Cf.
592 3734 667 3800 infra.
674 3767 698 3801 11.
710 3747 745 3802 46
752 3751 774 3812 ς)
792 3742 895 3795 Herod.
906 3739 1040 3798 Booscoete
1057 3738 1093 3807 (e.
1114 3756 1134 3790 c.

134 3852 195 3923 Vll.
213 3850 275 3919 123)
293 3878 327 3891 -
344 3848 477 3921 Populus:
494 3848 639 3901 Βοττιαῖοι.
