2566 4672
416 255 691 324 ..27-

16 420 22 427 ’
52 430 154 484 mento
175 424 211 484 iis
231 427 311 499 sunt,
332 423 489 504 quominus
508 422 568 485 hoe
586 422 708 495 iaciunt,
721 424 841 499 pepedi,
860 429 913 503 qui
925 440 1054 503 praeter

51 535 207 611 Pelasgos
226 535 376 611 antiquae
397 531 550 591 Graeciae
569 533 691 589 incolae
715 535 794 615 opud
819 543 936 597 veteres
955 539 1048 621 scrip·

52 651 137 704 tores
157 649 435 703 commemorantur.
473 641 630 715 Nesciunt,
649 643 721 723 quid
736 643 781 703 iris
795 643 857 719 ssot,
878 647 903 705 si
916 649 1054 709 univorsa

52 761 137 813 terra
162 755 215 813 uni
240 754 445 831 Pelasgorum
474 750 585 833 populo
615 752 805 815 attribuetur.
834 786 872 799 —
895 753 959 836 Ego
983 776 1054 817 vero

53 864 179 922 minime
197 863 314 945 pendeo
333 863 434 936 enimi,
455 862 527 942 quid
538 860 709 923 iaciendum
728 867 776 925 sit.
804 863 884 943 Quid
900 868 980 925 errius
998 873 1056 939 est,

54 972 137 1051 quod
155 973 263 1048 obstet,
283 972 440 1053 quominus
459 969 514 1030 hos
535 989 692 1031 omnesne
717 972 848 1052 singulos
868 974 1057 1051 l’elrngricue

49 1084 156 1160 gentis
168 1094 276 1156 partes
293 1081 459 1143 suciamus?
479 1113 514 1124 -
536 1080 651 1160 Quodsi
671 1081 841 1138 Herodotus
860 1081 926 1143 Tibi
948 1090 1055 1145 anoton·

50 1210 112 1252 uon
133 1193 433 1265 cestrensem
453 1193 605 1261 Cranaos,
626 1209 700 1270 quos
720 1192 941 1272 antiquissimos
962 1195 1054 1253 Arre-

49 1315 107 1359 eae
126 1302 239 1361 incolas
257 1301 350 1363 fuisse
369 1307 499 1373 constat,
519 1300 671 1376 Petregos
690 1300 791 1377 fuisse,
810 1322 910 1363 nonno
929 1305 956 1363 si
975 1324 1055 1365 ore·

52 1411 169 1471 teribus
194 1411 392 1490 scriptoribus
418 1411 616 1467 Cranaorruu
638 1409 720 1469 inter
743 1413 882 1491 nrrtiqunc
904 1416 1057 1471 (irarrriue

55 1519 170 1578 incolas
188 1520 373 1579 mentionem
391 1518 503 1578 factum
521 1515 652 1591 videres,
670 1537 769 1577 nonne
784 1519 821 1578 de
841 1519 888 1579 luis
903 1522 981 1581 idem
990 1523 1058 1583 Tibi

56 1629 219 1702 occideret,
240 1627 320 1708 quod
339 1646 419 1687 nuno
437 1648 466 1688 v.
486 1644 511 1687 o.
533 1625 570 1686 de
595 1625 760 1685 Aenidae?
783 1627 932 1709 Populum
958 1650 975 1687 o
998 1632 1060 1687 Pe·

54 1739 480 1818 langisdiversumputareu
500 1743 590 1797 etex
614 1754 650 1797 ea
669 1756 713 1811 re,
739 1738 820 1818 quod
845 1741 968 1797 (Irmrrue‘
991 1760 1058 1821 pnr-

54 1856 118 1910 tem
139 1849 293 1907 Graeciae
313 1848 453 1927 antiquae
474 1848 608 1908 tenuisse
627 1846 794 1923 truduntur,
814 1847 955 1909 idoneum
973 1871 1058 1930 orgis·

53 1964 188 2018 mentum
208 1964 313 2038 petere
331 1977 421 2040 posse
439 1955 509 2017 Tibi
527 1956 682 2031 videreris,
696 1977 767 2036 quo,
787 1960 838 2037 qui
852 1979 970 2019 omnem
983 1959 1059 2021 tenne

54 2074 169 2127 terrem
187 2067 340 2143 Pelasgos
365 2065 530 2127 obtinuisse
555 2066 670 2141 dicunt,
695 2065 868 2127 refelleres?
888 2101 925 2113 —
947 2066 1058 2131 vem

54 2179 134 2237 enim
153 2197 225 2237 vero
246 2178 337 2237 etium
356 2187 546 2253 argumenta
566 2176 652 2237 nobis
671 2174 812 2237 videntur
838 2178 936 2237 offerri
956 2198 1057 2258 posse,

54 2287 160 2366 quibus
179 2286 237 2346 hoc
257 2294 340 2348 certe
360 2287 520 2361 efficiatur,
540 2291 575 2347 ut
598 2304 659 2347 non
684 2305 808 2367 prorsus
834 2306 852 2344 n
877 2307 949 2347 roro
971 2288 1058 2349 sicr·

53 2416 136 2456 rasse
155 2398 370 2473 existimemur,
390 2417 482 2476 quum
507 2395 564 2456 hos
587 2394 715 2477 populos
734 2415 839 2457 omnes
858 2398 888 2456 in
908 2396 1059 2474 Pelasgi-

56 2525 161 2562 eorum
178 2526 304 2567 numero
322 2506 476 2566 habendos
496 2525 562 2565 esse
575 2504 735 2584 posuimus.
774 2504 858 2565 Dum
877 2512 977 2567 sutem
989 2506 1059 2565 ube·

59 2614 171 2672 riorum
187 2612 276 2694 hujus
296 2615 463 2694 argumenti
480 2615 691 2673 tractationem
711 2612 762 2673 atii
783 2613 849 2673 ioco
875 2621 906 2675 ct
930 2616 1061 2696 tempori

58 2742 257 2797 reservamus,
276 2723 330 2782 ubi
354 2723 464 2796 omisis,
497 2741 576 2802 queo
606 2722 644 2782 ud
673 2721 753 2781 huuc
776 2725 955 2785 senteutiam
978 2746 1059 2787 cons·

55 2833 243 2914 probandam
261 2833 348 2903 nobis
368 2832 428 2892 dici
446 2852 534 2913 posse
560 2832 728 2909 videantur,
752 2841 891 2895 occursio
914 2841 943 2895 et
968 2837 1058 2921 plene¹

57 2949 259 3024 exponentur,
279 2942 329 3003 hic
349 2948 384 3003 ut
409 2962 426 3002 u
450 2944 606 3024 proposito
631 2949 735 3005 nostro
758 2963 817 3003 non
842 2946 984 3019 oiieumn,
1009 2946 1056 3005 sie

56 3056 129 3115 sutis
148 3074 214 3115 esse
244 3053 390 3127 ducimus,
416 3053 570 3128 nonnullo,
595 3073 672 3137 quse
698 3074 716 3115 c
740 3074 775 3115 rc
800 3076 865 3115 esse
890 3058 1058 3127 videmnus,

56 3165 159 3246 paucis
178 3165 335 3245 attingere.
373 3162 413 3223 Et
438 3164 522 3243 quod
543 3164 583 3225 od
611 3166 776 3227 Temenites
801 3173 833 3225 ot
858 3168 963 3225 Aones
987 3164 1058 3223 otti·

57 3281 121 3347 net‚
145 3274 198 3352 qui
221 3273 254 3333 in
277 3258 552 3355 priscissssoeouae
576 3275 686 3337 meotis
710 3276 892 3341 reseruntur,
917 3273 1058 3335 uolumus

57 3383 117 3461 jum
137 3402 173 3443 ea
190 3391 340 3466 repetere,
359 3402 436 3464 quoe
454 3402 545 3466 supro
562 3385 595 3445 iu
607 3404 676 3447 eam
692 3360 873 3449 sententium
886 3385 966 3443 dictu
980 3387 1061 3451 sunt,

57 3499 93 3553 ut
116 3493 320 3571 Pelasgicon»
350 3495 623 3575 antiquissimorum
646 3493 735 3573 hujus
766 3501 866 3554 terrae
894 3488 1061 3551 incolarum

58 3604 204 3685 originem
231 3604 441 3684 probnrsmnss
469 3603 521 3665 hic
547 3604 692 3667 Lectores
721 3604 890 3663 admonitos
914 3597 1061 3670 volumus,

57 3733 96 3773 ne
115 3714 277 3795 negligunt,
297 3715 436 3790 cundem,
454 3717 508 3796 qui
526 3715 583 3776 hos
601 3711 730 3796 populos
748 3712 908 3767 Boeotium
933 3705 1061 3783 untiqui-

57 3830 107 3883 tus
125 3823 287 3885 incoluisse
305 3825 416 3902 madet,
433 3824 629 3890 Strabonem,
649 3840 700 3881 eos
720 3819 792 3881 illuc
819 3838 857 3879 ex
878 3815 990 3879 Altina
1008 3838 1060 3885 nef

58 3935 137 4021 uisse
156 3935 286 4016 prodere
310 3935 371 4010 it),
389 3954 429 3997 ex
447 3933 562 3995 Attico
583 3932 717 4007 inquom,
743 3944 834 4008 quom
858 3924 1063 4004 letargica„
