2566 4672
441 275 687 327 ..v-

70 433 158 509 mihi
188 433 341 536 gratiam
375 457 416 504 ac
450 426 676 531 voluptatem
708 425 861 504 laturum
894 452 976 503 esse
1007 428 1061 505 vi·

69 560 189 649 deam,
223 558 299 646 alii,
334 580 380 630 ex
413 580 484 655 quo
516 563 558 628 ut
587 553 634 628 ad
658 554 749 630 alios
773 554 911 632 fruetus
937 554 991 630 sic
1016 553 1063 629 ad

69 711 127 759 me
153 682 295 757 laudem
323 676 604 755 redundaturam
636 705 718 756 esse
751 680 956 781 exspectari
979 703 1063 782 pos·

72 810 132 898 sit,
156 819 299 909 tempus
323 833 366 881 ac
381 804 482 883 vires
500 804 631 880 dicare.
681 803 819 907 Quare,
846 830 940 906 quos
953 816 1065 905 'supra

75 932 286 1031 significavi,
318 933 419 1009 viros
446 930 556 1006 etiam
580 939 728 1034 rogatos
754 930 854 1020 volo,
888 940 946 1018 ut,
978 927 1067 1029 quid

74 1057 119 1130 de
145 1083 203 1131 me
235 1059 400 1156 meisque
432 1057 622 1133 conatibus
652 1055 830 1157 judicent,
864 1055 979 1129 libere
1005 1080 1068 1131 ve·

72 1181 143 1258 lint
167 1183 419 1284 pronuntiare.
471 1178 585 1286 Quod
614 1181 786 1283 judicium
812 1206 884 1285 quo
911 1183 1068 1257 elemen-

71 1306 146 1384 tius
177 1309 300 1399 fieret,
340 1333 488 1410 possem
525 1305 693 1418 equidem
725 1332 812 1385 sane
845 1334 922 1382 non
954 1333 1068 1413 pauca

75 1434 217 1522 afferre,
244 1457 338 1531 quae
361 1442 405 1507 ut
430 1432 519 1507 satis
543 1430 756 1509 viderentur
779 1432 910 1509 idonea
937 1433 983 1507 ad
1008 1459 1070 1508 ex-

76 1555 244 1645 cusanda,
271 1579 362 1655 quae
385 1580 512 1630 manca
534 1565 573 1628 et
588 1555 801 1656 imperfecta
817 1555 857 1632 in
872 1557 942 1631 hac
960 1558 1073 1658 scrip-

74 1680 187 1753 tionis
213 1689 320 1780 parte
347 1678 680 1781 deprehendentur,
706 1680 757 1753 ita
773 1706 876 1783 spem
898 1681 1072 1773 facerent,

72 1804 242 1878 meliores
255 1803 546 1904 maturioresque
563 1804 643 1879 fore
660 1804 844 1905 prioribus
855 1804 1072 1907 posterioris

75 1929 273 2004 industriae
312 1954 415 2003 meae
454 1928 587 2032 fruges.
646 1926 784 2005 Verum
821 1932 936 2007 satius
968 1931 1071 2022 duco,

77 2053 168 2127 haec
192 2054 499 2155 praetermittere.
551 2051 655 2156 Quid
679 2055 777 2128 enim
793 2055 839 2130 ad
865 2082 908 2131 ea
921 2083 1072 2158 respon-

77 2179 157 2252 deri
189 2179 325 2280 possit,
355 2178 445 2253 mihi
476 2177 624 2253 minime
666 2180 859 2256 obscurum
894 2193 963 2261 est.
1029 2181 1071 2256 Si

75 2300 134 2376 Tu
157 2342 208 2358 -
233 2315 272 2378 et
297 2314 420 2407 potest
445 2304 661 2406 responderi
688 2314 725 2378 et
750 2304 839 2379 mihi
865 2306 944 2381 sine
963 2305 1073 2380 dubio
1102 2304 1112 2313 ’

77 2429 362 2528 responderetur
386 2448 436 2487 -ὲ
461 2429 494 2505 si
520 2428 580 2502 Tu
603 2428 723 2504 minus
746 2441 893 2532 paratus
919 2458 1000 2506 eras
1026 2430 1073 2504 ad

79 2552 330 2641 scribendum,
369 2564 432 2628 aut
475 2553 623 2628 omnino
666 2554 916 2654 abjiciendum.
988 2553 1073 2627 Tibi

82 2684 161 2748 erat
186 2676 376 2750 consilium
416 2677 500 2749 libri
540 2676 773 2767 conficiendi,
814 2688 876 2753 aut
907 2680 945 2752 in
976 2679 1072 2755 aliud

79 2811 222 2900 tempus
248 2801 363 2900 magis
381 2811 625 2902 opportunum
644 2801 898 2895 differendum
923 2830 992 2881 nee
1018 2832 1073 2881 sa-

79 2926 127 2998 tis
142 2934 271 3015 tutum,
297 2924 470 3024 judicium
487 2926 700 3000 confirmare
717 2927 764 3000 ad
781 2955 832 3018 ea,
858 2954 962 3029 quae,
988 2931 1075 3005 dum

79 3056 353 3151 exspectantur,
384 3050 527 3155 ineerta
549 3061 651 3142 sunt,
676 3052 745 3127 sed
766 3053 995 3154 judicandum
1029 3083 1076 3128 ex

80 3174 141 3263 im,
167 3162 288 3275 quae,
326 3175 534 3276 praesentia
567 3185 606 3250 et
640 3176 679 3249 in
715 3190 915 3281 conspectu
944 3180 1074 3281 posita,

82 3296 205 3371 fallere
230 3311 428 3399 nequeunt.
454 3342 505 3409 -7-

181 3421 242 3496 De
271 3425 412 3507 ratione
439 3428 581 3515 aevia,
615 3453 722 3527 quam
753 3431 792 3502 in
824 3426 1075 3528 componendo

75 3546 152 3619 hoc
185 3548 323 3649 scripto
356 3561 531 3651 sequutus
557 3577 646 3642 sum,
665 3580 740 3626 non
767 3555 874 3651 longa
900 3575 992 3649 opus
1019 3562 1076 3625 est

81 3668 321 3771 expositione.
372 3675 566 3750 Neminem
593 3678 690 3749 enirn
715 3704 789 3749 non
815 3677 975 3750 visurum
994 3702 1075 3750 esse

82 3807 187 3897 puio,
224 3825 312 3899 quas
347 3824 472 3901 supra.
490 3805 559 3900 jam
591 3799 749 3886 laudavi,
788 3801 988 3872 Niebulrrc'i
1029 3800 1075 3875 de

79 3900 181 3997 ltalia
224 3916 373 4024 antiqua
416 3925 650 4024 quaestiones
692 3922 918 3998 doctissimas
962 3936 1073 4027 atque
