<?xml version="1.0" encoding="UTF-8"?>
<!DOCTYPE html PUBLIC "-//W3C//DTD XHTML 1.0 Transitional//EN"
    "http://www.w3.org/TR/xhtml1/DTD/xhtml1-transitional.dtd">
<html xmlns="http://www.w3.org/1999/xhtml" xml:lang="en" lang="en">
 <head>
  <title>
</title>
<meta http-equiv="Content-Type" content="text/html;charset=utf-8" />
  <meta name='ocr-system' content='tesseract 3.04.00' />
  <meta name='ocr-capabilities' content='ocr_page ocr_carea ocr_par ocr_line ocrx_word'/>
</head>
<body>
  <div class='ocr_page' id='page_1' title='image "./deantiquisitali00curtgoog_0075.png"; bbox 0 0 2566 4672; ppageno 0'>
   <div class='ocr_carea' id='block_1_1' title="bbox 591 270 884 346">
    <p class='ocr_par' dir='ltr' id='par_1_1' title="bbox 591 270 884 346">
     <span class='ocr_line' id='line_1_1' title="bbox 591 270 884 346; baseline 0.01 -4"><span class='ocrx_word' id='word_1_1' title='bbox 591 270 884 346; x_wconf 82' lang='lat'>.-58-</span> 
     </span>
    </p>
   </div>
   <div class='ocr_carea' id='block_1_2' title="bbox 162 437 1241 1206">
    <p class='ocr_par' dir='ltr' id='par_1_2' title="bbox 162 437 1241 1206">
     <span class='ocr_line' id='line_1_2' title="bbox 244 437 1241 544; baseline 0.004 -28"><span class='ocrx_word' id='word_1_2' title='bbox 244 464 313 544; x_wconf 88' lang='lat' dir='ltr'>per</span> <span class='ocrx_word' id='word_1_3' title='bbox 349 437 620 540; x_wconf 77' lang='lat' dir='ltr'>reprobabilis</span> <span class='ocrx_word' id='word_1_4' title='bbox 652 441 838 522; x_wconf 86' lang='lat' dir='ltr'>videretm</span> <span class='ocrx_word' id='word_1_5' title='bbox 870 443 1054 518; x_wconf 87' lang='lat' dir='ltr'>sententia</span> <span class='ocrx_word' id='word_1_6' title='bbox 1085 468 1241 520; x_wconf 87' lang='lat' dir='ltr'>necesse</span> 
     </span>
     <span class='ocr_line' id='line_1_3' title="bbox 162 570 1239 676; baseline 0.004 -28"><span class='ocrx_word' id='word_1_7' title='bbox 162 620 165 623; x_wconf 94' lang='lat'>-</span> <span class='ocrx_word' id='word_1_8' title='bbox 243 583 352 650; x_wconf 88' lang='lat' dir='ltr'>esset.</span> <span class='ocrx_word' id='word_1_9' title='bbox 402 570 528 676; x_wconf 84' lang='lat' dir='ltr'>Quum</span> <span class='ocrx_word' id='word_1_10' title='bbox 560 586 680 651; x_wconf 86' lang='lat' dir='ltr'>autem</span> <span class='ocrx_word' id='word_1_11' title='bbox 718 598 793 648; x_wconf 93' lang='lat' dir='ltr'>non</span> <span class='ocrx_word' id='word_1_12' title='bbox 822 598 935 674; x_wconf 88' lang='lat' dir='ltr'>pauca</span> <span class='ocrx_word' id='word_1_13' title='bbox 968 574 1063 676; x_wconf 90' lang='lat' dir='ltr'>apud</span> <span class='ocrx_word' id='word_1_14' title='bbox 1092 587 1239 653; x_wconf 83' lang='lat' dir='ltr'>veteres</span> 
     </span>
     <span class='ocr_line' id='line_1_4' title="bbox 242 702 1238 812; baseline 0.001 -29"><span class='ocrx_word' id='word_1_15' title='bbox 242 702 411 784; x_wconf 86' lang='lat' dir='ltr'>auctores</span> <span class='ocrx_word' id='word_1_16' title='bbox 443 706 777 811; x_wconf 79' lang='lat' dir='ltr'><strong>deprehendantur,</strong></span> <span class='ocrx_word' id='word_1_17' title='bbox 803 705 912 799; x_wconf 88' lang='lat' dir='ltr'>haec,</span> <span class='ocrx_word' id='word_1_18' title='bbox 945 717 987 783; x_wconf 88' lang='lat' dir='ltr'>ut</span> <span class='ocrx_word' id='word_1_19' title='bbox 1016 719 1141 812; x_wconf 89' lang='lat' dir='ltr'>partes</span> <span class='ocrx_word' id='word_1_20' title='bbox 1174 737 1238 784; x_wconf 92' lang='lat' dir='ltr'>no-</span> 
     </span>
     <span class='ocr_line' id='line_1_5' title="bbox 242 839 1236 943; baseline -0.003 -25"><span class='ocrx_word' id='word_1_21' title='bbox 242 850 339 919; x_wconf 90' lang='lat' dir='ltr'>stras</span> <span class='ocrx_word' id='word_1_22' title='bbox 368 841 591 942; x_wconf 77' lang='lat' dir='ltr'>transegisse</span> <span class='ocrx_word' id='word_1_23' title='bbox 624 864 718 916; x_wconf 84' lang='lat' dir='ltr'>neve</span> <span class='ocrx_word' id='word_1_24' title='bbox 757 839 973 941; x_wconf 88' lang='lat' dir='ltr'>quicquam,</span> <span class='ocrx_word' id='word_1_25' title='bbox 1016 843 1114 943; x_wconf 91' lang='lat' dir='ltr'>quod</span> <span class='ocrx_word' id='word_1_26' title='bbox 1152 843 1236 918; x_wconf 87' lang='lat' dir='ltr'>libri</span> 
     </span>
     <span class='ocr_line' id='line_1_6' title="bbox 239 969 1233 1078; baseline 0.002 -29"><span class='ocrx_word' id='word_1_27' title='bbox 239 975 444 1052; x_wconf 89' lang='lat' dir='ltr'>institutum</span> <span class='ocrx_word' id='word_1_28' title='bbox 474 971 653 1073; x_wconf 85' lang='lat' dir='ltr'>postulet,</span> <span class='ocrx_word' id='word_1_29' title='bbox 686 969 893 1072; x_wconf 80' lang='lat' dir='ltr'>neglexisse</span> <span class='ocrx_word' id='word_1_30' title='bbox 926 974 1127 1067; x_wconf 86' lang='lat' dir='ltr'>videamur,</span> <span class='ocrx_word' id='word_1_31' title='bbox 1164 981 1233 1078; x_wconf 83' lang='lat' dir='ltr'>jam</span> 
     </span>
     <span class='ocr_line' id='line_1_7' title="bbox 239 1103 1129 1206; baseline 0.003 -27"><span class='ocrx_word' id='word_1_32' title='bbox 239 1104 438 1206; x_wconf 87' lang='lat' dir='ltr'>colligenda</span> <span class='ocrx_word' id='word_1_33' title='bbox 462 1103 634 1182; x_wconf 80' lang='lat' dir='ltr'>videntur</span> <span class='ocrx_word' id='word_1_34' title='bbox 659 1127 740 1178; x_wconf 87' lang='lat' dir='ltr'>esse</span> <span class='ocrx_word' id='word_1_35' title='bbox 766 1113 876 1205; x_wconf 81' lang='lat' dir='ltr'>atque</span> <span class='ocrx_word' id='word_1_36' title='bbox 903 1107 1129 1189; x_wconf 85' lang='lat' dir='ltr'>excutienda.</span> 
     </span>
    </p>
   </div>
   <div class='ocr_carea' id='block_1_3' title="bbox 198 1425 1267 4014">
    <p class='ocr_par' dir='ltr' id='par_1_3' title="bbox 198 1425 1267 3357">
     <span class='ocr_line' id='line_1_8' title="bbox 307 1425 1232 1513; baseline 0.004 -22"><span class='ocrx_word' id='word_1_37' title='bbox 307 1425 378 1491; x_wconf 88' lang='lat' dir='ltr'>Non</span> <span class='ocrx_word' id='word_1_38' title='bbox 409 1430 505 1491; x_wconf 88' lang='lat' dir='ltr'>omnis</span> <span class='ocrx_word' id='word_1_39' title='bbox 535 1429 765 1506; x_wconf 77' lang='lat' dir='ltr'>Pelasgorum,</span> <span class='ocrx_word' id='word_1_40' title='bbox 798 1432 851 1511; x_wconf 86' lang='lat' dir='ltr'>qni</span> <span class='ocrx_word' id='word_1_41' title='bbox 883 1431 1013 1511; x_wconf 81' lang='lat' dir='ltr'>antiquis</span> <span class='ocrx_word' id='word_1_42' title='bbox 1042 1435 1232 1513; x_wconf 83' lang='lat' dir='ltr'>temporibus</span> 
     </span>
     <span class='ocr_line' id='line_1_9' title="bbox 232 1538 1230 1616; baseline 0.008 -21"><span class='ocrx_word' id='word_1_43' title='bbox 232 1539 354 1604; x_wconf 73' lang='lat' dir='ltr'>iamiar</span> <span class='ocrx_word' id='word_1_44' title='bbox 374 1546 550 1616; x_wconf 79' lang='lat' dir='ltr'>tenuerant,</span> <span class='ocrx_word' id='word_1_45' title='bbox 575 1538 747 1599; x_wconf 78' lang='lat' dir='ltr'>oblitterata</span> <span class='ocrx_word' id='word_1_46' title='bbox 772 1540 1016 1614; x_wconf 68' lang='lat' dir='ltr'>(immemoris,</span> <span class='ocrx_word' id='word_1_47' title='bbox 1041 1542 1095 1602; x_wconf 88' lang='lat' dir='ltr'>sed</span> <span class='ocrx_word' id='word_1_48' title='bbox 1118 1542 1230 1603; x_wconf 82' lang='lat' dir='ltr'>multas</span> 
     </span>
     <span class='ocr_line' id='line_1_10' title="bbox 233 1646 1229 1728; baseline 0.005 -22"><span class='ocrx_word' id='word_1_49' title='bbox 233 1648 471 1724; x_wconf 74' lang='lat' dir='ltr'>Aegaeimaris</span> <span class='ocrx_word' id='word_1_50' title='bbox 483 1647 606 1706; x_wconf 79' lang='lat' dir='ltr'>insulas</span> <span class='ocrx_word' id='word_1_51' title='bbox 628 1646 742 1708; x_wconf 80' lang='lat' dir='ltr'>incolas</span> <span class='ocrx_word' id='word_1_52' title='bbox 760 1649 949 1725; x_wconf 74' lang='lat' dir='ltr'>Pelasgicos</span> <span class='ocrx_word' id='word_1_53' title='bbox 970 1651 1066 1728; x_wconf 83' lang='lat' dir='ltr'>gentis</span> <span class='ocrx_word' id='word_1_54' title='bbox 1087 1648 1229 1711; x_wconf 81' lang='lat' dir='ltr'>habuisse</span> 
     </span>
     <span class='ocr_line' id='line_1_11' title="bbox 231 1756 1226 1839; baseline 0.002 -23"><span class='ocrx_word' id='word_1_55' title='bbox 231 1757 400 1823; x_wconf 39' lang='lat' dir='ltr'>memoriae.</span> <span class='ocrx_word' id='word_1_56' title='bbox 412 1757 564 1837; x_wconf 83' lang='lat' dir='ltr'>proditum</span> <span class='ocrx_word' id='word_1_57' title='bbox 583 1763 657 1818; x_wconf 88' lang='lat' dir='ltr'>erat.</span> <span class='ocrx_word' id='word_1_58' title='bbox 695 1756 797 1835; x_wconf 78' lang='lat' dir='ltr'>Quum</span> <span class='ocrx_word' id='word_1_59' title='bbox 816 1763 917 1816; x_wconf 85' lang='lat' dir='ltr'>autem</span> <span class='ocrx_word' id='word_1_60' title='bbox 934 1756 1085 1837; x_wconf 84' lang='lat' dir='ltr'>plerisque</span> <span class='ocrx_word' id='word_1_61' title='bbox 1101 1760 1226 1839; x_wconf 86' lang='lat' dir='ltr'>scripto·</span> 
     </span>
     <span class='ocr_line' id='line_1_12' title="bbox 229 1864 1225 1945; baseline 0.002 -21"><span class='ocrx_word' id='word_1_62' title='bbox 229 1864 326 1940; x_wconf 85' lang='lat' dir='ltr'>ribus,</span> <span class='ocrx_word' id='word_1_63' title='bbox 346 1865 491 1945; x_wconf 80' lang='lat' dir='ltr'>imprimis</span> <span class='ocrx_word' id='word_1_64' title='bbox 510 1867 676 1941; x_wconf 80' lang='lat' dir='ltr'>Dionysio,</span> <span class='ocrx_word' id='word_1_65' title='bbox 696 1864 791 1924; x_wconf 84' lang='lat' dir='ltr'>solam</span> <span class='ocrx_word' id='word_1_66' title='bbox 805 1866 974 1924; x_wconf 83' lang='lat' dir='ltr'>Graeciam</span> <span class='ocrx_word' id='word_1_67' title='bbox 988 1865 1054 1941; x_wconf 86' lang='lat' dir='ltr'>vel,</span> <span class='ocrx_word' id='word_1_68' title='bbox 1073 1874 1107 1926; x_wconf 83' lang='lat' dir='ltr'>ut</span> <span class='ocrx_word' id='word_1_69' title='bbox 1125 1869 1225 1927; x_wconf 84' lang='lat' dir='ltr'>verius</span> 
     </span>
     <span class='ocr_line' id='line_1_13' title="bbox 228 1973 1226 2054; baseline 0.002 -21"><span class='ocrx_word' id='word_1_70' title='bbox 228 1973 342 2047; x_wconf 80' lang='lat' dir='ltr'>dicam,</span> <span class='ocrx_word' id='word_1_71' title='bbox 360 1973 561 2047; x_wconf 76' lang='lat' dir='ltr'>Peloponnesi</span> <span class='ocrx_word' id='word_1_72' title='bbox 584 1979 702 2053; x_wconf 82' lang='lat' dir='ltr'>partem</span> <span class='ocrx_word' id='word_1_73' title='bbox 726 1973 856 2052; x_wconf 88' lang='lat' dir='ltr'>aliquam</span> <span class='ocrx_word' id='word_1_74' title='bbox 874 1973 962 2053; x_wconf 87' lang='lat' dir='ltr'>hujus</span> <span class='ocrx_word' id='word_1_75' title='bbox 982 1976 1078 2054; x_wconf 85' lang='lat' dir='ltr'>gentis</span> <span class='ocrx_word' id='word_1_76' title='bbox 1096 1978 1226 2054; x_wconf 82' lang='lat' dir='ltr'>patriam</span> 
     </span>
     <span class='ocr_line' id='line_1_14' title="bbox 226 2080 1225 2163; baseline 0.001 -22"><span class='ocrx_word' id='word_1_77' title='bbox 226 2080 333 2155; x_wconf 78' lang='lat' dir='ltr'>fuisse,</span> <span class='ocrx_word' id='word_1_78' title='bbox 352 2080 433 2152; x_wconf 82' lang='lat' dir='ltr'>unde</span> <span class='ocrx_word' id='word_1_79' title='bbox 457 2089 648 2163; x_wconf 75' lang='lat' dir='ltr'>(puniensque</span> <span class='ocrx_word' id='word_1_80' title='bbox 672 2083 704 2140; x_wconf 92' lang='lat' dir='ltr'>in</span> <span class='ocrx_word' id='word_1_81' title='bbox 722 2081 788 2141; x_wconf 84' lang='lat' dir='ltr'>aliis</span> <span class='ocrx_word' id='word_1_82' title='bbox 806 2083 896 2140; x_wconf 87' lang='lat' dir='ltr'>terris</span> <span class='ocrx_word' id='word_1_83' title='bbox 915 2083 1138 2162; x_wconf 68' lang='lat' dir='ltr'>reperirentur,</span> <span class='ocrx_word' id='word_1_84' title='bbox 1158 2087 1225 2142; x_wconf 86' lang='lat' dir='ltr'>Pe-</span> 
     </span>
     <span class='ocr_line' id='line_1_15' title="bbox 198 2168 1223 2271; baseline 0.003 -23"><span class='ocrx_word' id='word_1_85' title='bbox 198 2168 330 2266; x_wconf 42' lang='lat' dir='ltr'>&#39;Imgm</span> <span class='ocrx_word' id='word_1_86' title='bbox 348 2206 483 2270; x_wconf 78' lang='lat' dir='ltr'>egressos</span> <span class='ocrx_word' id='word_1_87' title='bbox 508 2212 589 2267; x_wconf 88' lang='lat' dir='ltr'>esse,</span> <span class='ocrx_word' id='word_1_88' title='bbox 612 2190 870 2271; x_wconf 81' lang='lat' dir='ltr'>persuasissimum</span> <span class='ocrx_word' id='word_1_89' title='bbox 888 2191 925 2250; x_wconf 90' lang='lat' dir='ltr'>iis</span> <span class='ocrx_word' id='word_1_90' title='bbox 945 2198 1041 2265; x_wconf 81' lang='lat' dir='ltr'>esset,</span> <span class='ocrx_word' id='word_1_91' title='bbox 1069 2192 1137 2251; x_wconf 86' lang='lat' dir='ltr'>fieri</span> <span class='ocrx_word' id='word_1_92' title='bbox 1162 2212 1223 2251; x_wconf 90' lang='lat' dir='ltr'>non</span> 
     </span>
     <span class='ocr_line' id='line_1_16' title="bbox 225 2298 1224 2379; baseline -0.001 -21"><span class='ocrx_word' id='word_1_93' title='bbox 225 2298 341 2379; x_wconf 82' lang='lat' dir='ltr'>potuit,</span> <span class='ocrx_word' id='word_1_94' title='bbox 361 2298 434 2378; x_wconf 85' lang='lat' dir='ltr'>quin</span> <span class='ocrx_word' id='word_1_95' title='bbox 451 2305 486 2359; x_wconf 89' lang='lat' dir='ltr'>ut</span> <span class='ocrx_word' id='word_1_96' title='bbox 503 2319 532 2361; x_wconf 80' lang='lat' dir='ltr'>v.</span> <span class='ocrx_word' id='word_1_97' title='bbox 553 2320 579 2361; x_wconf 93' lang='lat' dir='ltr'>c.</span> <span class='ocrx_word' id='word_1_98' title='bbox 594 2299 692 2358; x_wconf 81' lang='lat' dir='ltr'>Asiae</span> <span class='ocrx_word' id='word_1_99' title='bbox 711 2299 855 2367; x_wconf 60' lang='lat' dir='ltr'>nonoris,</span> <span class='ocrx_word' id='word_1_100' title='bbox 876 2298 919 2357; x_wconf 91' lang='lat' dir='ltr'>sic</span> <span class='ocrx_word' id='word_1_101' title='bbox 939 2299 1029 2358; x_wconf 87' lang='lat' dir='ltr'>etiam</span> <span class='ocrx_word' id='word_1_102' title='bbox 1046 2301 1224 2358; x_wconf 75' lang='lat' dir='ltr'>insularum</span> 
     </span>
     <span class='ocr_line' id='line_1_17' title="bbox 224 2402 1232 2488; baseline -0.002 -20"><span class='ocrx_word' id='word_1_103' title='bbox 224 2402 338 2473; x_wconf 73' lang='lat' dir='ltr'>insoles</span> <span class='ocrx_word' id='word_1_104' title='bbox 361 2406 542 2485; x_wconf 81' lang='lat' dir='ltr'>Pelasgicos</span> <span class='ocrx_word' id='word_1_105' title='bbox 548 2428 716 2488; x_wconf 85' lang='lat' dir='ltr'>,··quornm</span> <span class='ocrx_word' id='word_1_106' title='bbox 741 2407 779 2466; x_wconf 88' lang='lat' dir='ltr'>ad</span> <span class='ocrx_word' id='word_1_107' title='bbox 802 2414 940 2488; x_wconf 88' lang='lat' dir='ltr'>posteros</span> <span class='ocrx_word' id='word_1_108' title='bbox 965 2416 1128 2488; x_wconf 82' lang='lat' dir='ltr'>propagata</span> <span class='ocrx_word' id='word_1_109' title='bbox 1157 2416 1232 2469; x_wconf 65' lang='lat' dir='ltr'>erat,</span> 
     </span>
     <span class='ocr_line' id='line_1_18' title="bbox 223 2517 1223 2594; baseline -0.005 -14"><span class='ocrx_word' id='word_1_110' title='bbox 223 2519 383 2594; x_wconf 85' lang='lat' dir='ltr'>memoria,</span> <span class='ocrx_word' id='word_1_111' title='bbox 402 2537 464 2577; x_wconf 90' lang='lat' dir='ltr'>non</span> <span class='ocrx_word' id='word_1_112' title='bbox 482 2518 519 2576; x_wconf 87' lang='lat' dir='ltr'>ab</span> <span class='ocrx_word' id='word_1_113' title='bbox 537 2518 623 2576; x_wconf 81' lang='lat' dir='ltr'>initio</span> <span class='ocrx_word' id='word_1_114' title='bbox 643 2517 697 2575; x_wconf 87' lang='lat' dir='ltr'>has</span> <span class='ocrx_word' id='word_1_115' title='bbox 715 2523 812 2575; x_wconf 88' lang='lat' dir='ltr'>terras</span> <span class='ocrx_word' id='word_1_116' title='bbox 830 2517 979 2591; x_wconf 88' lang='lat' dir='ltr'>tenuisse,</span> <span class='ocrx_word' id='word_1_117' title='bbox 998 2518 1103 2576; x_wconf 83' lang='lat' dir='ltr'>sodex</span> <span class='ocrx_word' id='word_1_118' title='bbox 1119 2520 1223 2575; x_wconf 59' lang='lat' dir='ltr'>Graes.</span> 
     </span>
     <span class='ocr_line' id='line_1_19' title="bbox 222 2624 1267 2702; baseline 0.003 -18"><span class='ocrx_word' id='word_1_119' title='bbox 222 2629 274 2684; x_wconf 89' lang='lat' dir='ltr'>cia</span> <span class='ocrx_word' id='word_1_120' title='bbox 294 2629 326 2687; x_wconf 93' lang='lat' dir='ltr'>in</span> <span class='ocrx_word' id='word_1_121' title='bbox 343 2627 409 2686; x_wconf 89' lang='lat' dir='ltr'>illas</span> <span class='ocrx_word' id='word_1_122' title='bbox 427 2627 611 2702; x_wconf 84' lang='lat' dir='ltr'>immigrasse</span> <span class='ocrx_word' id='word_1_123' title='bbox 625 2631 798 2685; x_wconf 77' lang='lat' dir='ltr'>statuerent.</span> <span class='ocrx_word' id='word_1_124' title='bbox 828 2624 890 2684; x_wconf 87' lang='lat' dir='ltr'>Sed</span> <span class='ocrx_word' id='word_1_125' title='bbox 908 2632 942 2683; x_wconf 86' lang='lat' dir='ltr'>nt</span> <span class='ocrx_word' id='word_1_126' title='bbox 961 2625 1021 2697; x_wconf 86' lang='lat' dir='ltr'>hio,</span> <span class='ocrx_word' id='word_1_127' title='bbox 1042 2628 1221 2686; x_wconf 82' lang='lat' dir='ltr'>acomatiori</span> <span class='ocrx_word' id='word_1_128' title='bbox 1263 2681 1267 2687; x_wconf 94' lang='lat'>.</span> 
     </span>
     <span class='ocr_line' id='line_1_20' title="bbox 221 2734 1218 2815; baseline 0 -21"><span class='ocrx_word' id='word_1_129' title='bbox 221 2736 308 2813; x_wconf 87' lang='lat' dir='ltr'>hujus</span> <span class='ocrx_word' id='word_1_130' title='bbox 332 2737 378 2795; x_wconf 89' lang='lat' dir='ltr'>rei</span> <span class='ocrx_word' id='word_1_131' title='bbox 402 2734 602 2815; x_wconf 85' lang='lat' dir='ltr'>disputatione</span> <span class='ocrx_word' id='word_1_132' title='bbox 632 2735 681 2792; x_wconf 85' lang='lat' dir='ltr'>alii</span> <span class='ocrx_word' id='word_1_133' title='bbox 710 2734 778 2793; x_wconf 90' lang='lat' dir='ltr'>loco</span> <span class='ocrx_word' id='word_1_134' title='bbox 807 2740 975 2807; x_wconf 87' lang='lat' dir='ltr'>reservata,</span> <span class='ocrx_word' id='word_1_135' title='bbox 1005 2735 1218 2809; x_wconf 87' lang='lat' dir='ltr'>concedamus,</span> 
     </span>
     <span class='ocr_line' id='line_1_21' title="bbox 218 2830 1218 2924; baseline -0.003 -21"><span class='ocrx_word' id='word_1_136' title='bbox 218 2842 285 2903; x_wconf 78' lang='lat' dir='ltr'>fieri</span> <span class='ocrx_word' id='word_1_137' title='bbox 304 2844 453 2921; x_wconf 82' lang='lat' dir='ltr'>potuisse,</span> <span class='ocrx_word' id='word_1_138' title='bbox 478 2845 551 2924; x_wconf 87' lang='lat' dir='ltr'>quin</span> <span class='ocrx_word' id='word_1_139' title='bbox 568 2844 682 2921; x_wconf 81' lang='lat' dir='ltr'>factum</span> <span class='ocrx_word' id='word_1_140' title='bbox 700 2862 781 2916; x_wconf 83' lang='lat' dir='ltr'>esse,</span> <span class='ocrx_word' id='word_1_141' title='bbox 796 2830 839 2901; x_wconf 65' lang='lat' dir='ltr'>&#39;ut</span> <span class='ocrx_word' id='word_1_142' title='bbox 858 2842 991 2918; x_wconf 81' lang='lat' dir='ltr'>Pelasgi</span> <span class='ocrx_word' id='word_1_143' title='bbox 1012 2844 1148 2901; x_wconf 79' lang='lat' dir='ltr'>Graecia</span> <span class='ocrx_word' id='word_1_144' title='bbox 1168 2844 1218 2902; x_wconf 85' lang='lat' dir='ltr'>vel</span> 
     </span>
     <span class='ocr_line' id='line_1_22' title="bbox 218 2950 1218 3033; baseline 0 -21"><span class='ocrx_word' id='word_1_145' title='bbox 218 2970 271 3032; x_wconf 78' lang='lat' dir='ltr'>sua</span> <span class='ocrx_word' id='word_1_146' title='bbox 283 2957 390 3033; x_wconf 88' lang='lat' dir='ltr'>sponte</span> <span class='ocrx_word' id='word_1_147' title='bbox 403 2952 523 3033; x_wconf 83' lang='lat' dir='ltr'>egressi,</span> <span class='ocrx_word' id='word_1_148' title='bbox 536 2951 585 3013; x_wconf 87' lang='lat' dir='ltr'>vel</span> <span class='ocrx_word' id='word_1_149' title='bbox 598 2951 630 3012; x_wconf 90' lang='lat' dir='ltr'>vi</span> <span class='ocrx_word' id='word_1_150' title='bbox 649 2955 738 3028; x_wconf 90' lang='lat' dir='ltr'>atque</span> <span class='ocrx_word' id='word_1_151' title='bbox 758 2951 847 3008; x_wconf 89' lang='lat' dir='ltr'>armis</span> <span class='ocrx_word' id='word_1_152' title='bbox 866 2950 965 3027; x_wconf 87' lang='lat' dir='ltr'>ejecti,</span> <span class='ocrx_word' id='word_1_153' title='bbox 984 2950 1016 3009; x_wconf 92' lang='lat' dir='ltr'>in</span> <span class='ocrx_word' id='word_1_154' title='bbox 1035 2951 1106 3010; x_wconf 88' lang='lat' dir='ltr'>alias</span> <span class='ocrx_word' id='word_1_155' title='bbox 1121 2958 1218 3011; x_wconf 86' lang='lat' dir='ltr'>terras</span> 
     </span>
     <span class='ocr_line' id='line_1_23' title="bbox 216 3058 1216 3140; baseline 0 -20"><span class='ocrx_word' id='word_1_156' title='bbox 216 3065 248 3120; x_wconf 87' lang='lat' dir='ltr'>et</span> <span class='ocrx_word' id='word_1_157' title='bbox 263 3061 307 3118; x_wconf 86' lang='lat' dir='ltr'>¹in</span> <span class='ocrx_word' id='word_1_158' title='bbox 335 3061 447 3121; x_wconf 86' lang='lat' dir='ltr'>insulas</span> <span class='ocrx_word' id='word_1_159' title='bbox 475 3061 514 3120; x_wconf 89' lang='lat' dir='ltr'>ad</span> <span class='ocrx_word' id='word_1_160' title='bbox 540 3078 633 3119; x_wconf 88' lang='lat' dir='ltr'>novas</span> <span class='ocrx_word' id='word_1_161' title='bbox 661 3059 747 3118; x_wconf 89' lang='lat' dir='ltr'>sedes</span> <span class='ocrx_word' id='word_1_162' title='bbox 767 3058 950 3137; x_wconf 84' lang='lat' dir='ltr'>quaerendas</span> <span class='ocrx_word' id='word_1_163' title='bbox 970 3060 1216 3140; x_wconf 83' lang='lat' dir='ltr'>commigrarent,</span> 
     </span>
     <span class='ocr_line' id='line_1_24' title="bbox 215 3156 1218 3248; baseline 0.002 -20"><span class='ocrx_word' id='word_1_164' title='bbox 215 3156 285 3228; x_wconf 77' lang='lat' dir='ltr'>enni</span> <span class='ocrx_word' id='word_1_165' title='bbox 309 3163 400 3227; x_wconf 77' lang='lat' dir='ltr'>etiaim</span> <span class='ocrx_word' id='word_1_166' title='bbox 425 3187 501 3248; x_wconf 84' lang='lat' dir='ltr'>quae</span> <span class='ocrx_word' id='word_1_167' title='bbox 525 3168 611 3227; x_wconf 90' lang='lat' dir='ltr'>nobis</span> <span class='ocrx_word' id='word_1_168' title='bbox 637 3167 839 3228; x_wconf 81' lang='lat' dir='ltr'>concedantur</span> <span class='ocrx_word' id='word_1_169' title='bbox 864 3172 966 3226; x_wconf 90' lang='lat' dir='ltr'>nostro</span> <span class='ocrx_word' id='word_1_170' title='bbox 992 3169 1119 3247; x_wconf 85' lang='lat' dir='ltr'>quodam</span> <span class='ocrx_word' id='word_1_171' title='bbox 1148 3169 1218 3246; x_wconf 85' lang='lat' dir='ltr'>jure</span> 
     </span>
     <span class='ocr_line' id='line_1_25' title="bbox 214 3259 1051 3357; baseline 0.004 -22"><span class='ocrx_word' id='word_1_172' title='bbox 214 3276 366 3357; x_wconf 84' lang='lat' dir='ltr'>postulare</span> <span class='ocrx_word' id='word_1_173' title='bbox 384 3259 471 3336; x_wconf 83' lang='lat' dir='ltr'>nobis</span> <span class='ocrx_word' id='word_1_174' title='bbox 488 3279 650 3338; x_wconf 83' lang='lat' dir='ltr'>videamur.</span> <span class='ocrx_word' id='word_1_175' title='bbox 756 3264 758 3271; x_wconf 51' lang='grc'>’</span> <span class='ocrx_word' id='word_1_176' title='bbox 1048 3347 1051 3351; x_wconf 15' lang='lat' dir='ltr'>x</span> 
     </span>
    </p>

    <p class='ocr_par' dir='ltr' id='par_1_4' title="bbox 210 3384 1225 4014">
     <span class='ocr_line' id='line_1_26' title="bbox 289 3384 1213 3466; baseline -0.004 -15"><span class='ocrx_word' id='word_1_177' title='bbox 289 3385 329 3451; x_wconf 69' lang='lat' dir='ltr'>Et</span> <span class='ocrx_word' id='word_1_178' title='bbox 346 3387 476 3466; x_wconf 87' lang='lat' dir='ltr'>primum</span> <span class='ocrx_word' id='word_1_179' title='bbox 494 3387 615 3466; x_wconf 87' lang='lat' dir='ltr'>quidem</span> <span class='ocrx_word' id='word_1_180' title='bbox 633 3407 694 3446; x_wconf 87' lang='lat' dir='ltr'>non</span> <span class='ocrx_word' id='word_1_181' title='bbox 713 3384 801 3446; x_wconf 86' lang='lat' dir='ltr'>facile</span> <span class='ocrx_word' id='word_1_182' title='bbox 820 3385 974 3443; x_wconf 85' lang='lat' dir='ltr'>inventum</span> <span class='ocrx_word' id='word_1_183' title='bbox 998 3385 1036 3444; x_wconf 90' lang='lat' dir='ltr'>iri</span> <span class='ocrx_word' id='word_1_184' title='bbox 1056 3387 1213 3462; x_wconf 85' lang='lat' dir='ltr'>existimo,</span> 
     </span>
     <span class='ocr_line' id='line_1_27' title="bbox 213 3494 1225 3583; baseline 0 -29"><span class='ocrx_word' id='word_1_185' title='bbox 213 3495 266 3573; x_wconf 84' lang='lat' dir='ltr'>qui</span> <span class='ocrx_word' id='word_1_186' title='bbox 284 3502 389 3583; x_wconf 74' lang='lat' dir='ltr'>neget,</span> <span class='ocrx_word' id='word_1_187' title='bbox 408 3496 433 3556; x_wconf 87' lang='lat' dir='ltr'>si</span> <span class='ocrx_word' id='word_1_188' title='bbox 452 3515 524 3555; x_wconf 90' lang='lat' dir='ltr'>vera</span> <span class='ocrx_word' id='word_1_189' title='bbox 543 3497 613 3569; x_wconf 88' lang='lat' dir='ltr'>sint,</span> <span class='ocrx_word' id='word_1_190' title='bbox 632 3516 708 3576; x_wconf 85' lang='lat' dir='ltr'>quae</span> <span class='ocrx_word' id='word_1_191' title='bbox 729 3512 817 3574; x_wconf 89' lang='lat' dir='ltr'>snpra</span> <span class='ocrx_word' id='word_1_192' title='bbox 838 3494 1017 3574; x_wconf 87' lang='lat' dir='ltr'>persuadere</span> <span class='ocrx_word' id='word_1_193' title='bbox 1033 3494 1225 3569; x_wconf 76' lang='lat' dir='ltr'>studuimus,</span> 
     </span>
     <span class='ocr_line' id='line_1_28' title="bbox 211 3580 1210 3685; baseline 0.004 -27"><span class='ocrx_word' id='word_1_194' title='bbox 211 3602 415 3680; x_wconf 77' lang='lat' dir='ltr'>Pelasgicam</span> <span class='ocrx_word' id='word_1_195' title='bbox 434 3580 552 3685; x_wconf 78' lang='lat' dir='ltr'>gentem</span> <span class='ocrx_word' id='word_1_196' title='bbox 572 3624 632 3663; x_wconf 89' lang='lat' dir='ltr'>non</span> <span class='ocrx_word' id='word_1_197' title='bbox 652 3605 745 3664; x_wconf 88' lang='lat' dir='ltr'>solam</span> <span class='ocrx_word' id='word_1_198' title='bbox 766 3605 933 3662; x_wconf 80' lang='lat' dir='ltr'>Graeciam</span> <span class='ocrx_word' id='word_1_199' title='bbox 955 3622 1079 3682; x_wconf 87' lang='lat' dir='ltr'>eamque</span> <span class='ocrx_word' id='word_1_200' title='bbox 1099 3610 1210 3676; x_wconf 88' lang='lat' dir='ltr'>totam,</span> 
     </span>
     <span class='ocr_line' id='line_1_29' title="bbox 211 3700 1209 3773; baseline -0.002 -3"><span class='ocrx_word' id='word_1_201' title='bbox 211 3711 265 3770; x_wconf 76' lang='lat' dir='ltr'>sed</span> <span class='ocrx_word' id='word_1_202' title='bbox 284 3700 557 3770; x_wconf 78' lang='lat' dir='ltr'>cum&#39;Macedonia</span> <span class='ocrx_word' id='word_1_203' title='bbox 584 3715 673 3773; x_wconf 77' lang='lat' dir='ltr'>etiam</span> <span class='ocrx_word' id='word_1_204' title='bbox 698 3716 727 3771; x_wconf 88' lang='lat' dir='ltr'><em>T</em></span> <span class='ocrx_word' id='word_1_205' title='bbox 723 3711 865 3769; x_wconf 59' lang='lat' dir='ltr'>histriam</span> <span class='ocrx_word' id='word_1_206' title='bbox 890 3719 931 3771; x_wconf 32' lang='lat' dir='ltr'>et*</span> <span class='ocrx_word' id='word_1_207' title='bbox 946 3732 1012 3771; x_wconf 78' lang='lat' dir='ltr'>eam</span> <span class='ocrx_word' id='word_1_208' title='bbox 1033 3713 1128 3769; x_wconf 68' lang='lat' dir='ltr'>Asiae</span> <span class='ocrx_word' id='word_1_209' title='bbox 1149 3715 1209 3768; x_wconf 82' lang='lat' dir='ltr'>mi-&#39;</span> 
     </span>
     <span class='ocr_line' id='line_1_30' title="bbox 210 3805 1208 3902; baseline 0.009 -28"><span class='ocrx_word' id='word_1_210' title='bbox 210 3819 300 3877; x_wconf 75' lang='lat' dir='ltr'>noris&#39;</span> <span class='ocrx_word' id='word_1_211' title='bbox 310 3805 443 3899; x_wconf 78' lang='lat' dir='ltr'>partem,</span> <span class='ocrx_word' id='word_1_212' title='bbox 470 3841 547 3902; x_wconf 86' lang='lat' dir='ltr'>quae</span> <span class='ocrx_word' id='word_1_213' title='bbox 573 3824 759 3884; x_wconf 82' lang='lat' dir='ltr'>occidentem</span> <span class='ocrx_word' id='word_1_214' title='bbox 785 3823 878 3882; x_wconf 83' lang='lat' dir='ltr'>solem</span> <span class='ocrx_word' id='word_1_215' title='bbox 903 3828 1035 3901; x_wconf 84' lang='lat' dir='ltr'>spectat,</span> <span class='ocrx_word' id='word_1_216' title='bbox 1058 3823 1208 3896; x_wconf 83' lang='lat' dir='ltr'>tenuisse,</span> 
     </span>
     <span class='ocr_line' id='line_1_31' title="bbox 211 3930 1210 4014; baseline 0 -25"><span class='ocrx_word' id='word_1_217' title='bbox 211 3935 443 3992; x_wconf 74' lang='lat' dir='ltr'>mntmtanesm</span> <span class='ocrx_word' id='word_1_218' title='bbox 461 3951 527 3993; x_wconf 87' lang='lat' dir='ltr'>csse</span> <span class='ocrx_word' id='word_1_219' title='bbox 546 3939 579 3993; x_wconf 85' lang='lat' dir='ltr'>et</span> <span class='ocrx_word' id='word_1_220' title='bbox 596 3933 764 3994; x_wconf 83' lang='lat' dir='ltr'>necessario</span> <span class='ocrx_word' id='word_1_221' title='bbox 784 3932 913 4014; x_wconf 69' lang='lat' dir='ltr'>quodam</span> <span class='ocrx_word' id='word_1_222' title='bbox 931 3932 1022 3992; x_wconf 81' lang='lat' dir='ltr'>modo</span> <span class='ocrx_word' id='word_1_223' title='bbox 1040 3930 1137 4002; x_wconf 81' lang='lat' dir='ltr'>effici,</span> <span class='ocrx_word' id='word_1_224' title='bbox 1156 3933 1210 3997; x_wconf 74' lang='lat' dir='ltr'>ia-</span> 
     </span>
    </p>
   </div>
   <div class='ocr_carea' id='block_1_4' title="bbox 0 0 1288 4672">
    <p class='ocr_par' dir='ltr' id='par_1_5' title="bbox 0 0 1288 4672">
     <span class='ocr_line' id='line_1_32' title="bbox 0 0 1288 4672; baseline 0 9"><span class='ocrx_word' id='word_1_225' title='bbox 0 0 1288 4672; x_wconf 95' lang='lat' dir='ltr'> </span> 
     </span>
    </p>
   </div>
  </div>
 </body>
</html>
