<?xml version="1.0" encoding="UTF-8"?>
<!DOCTYPE html PUBLIC "-//W3C//DTD XHTML 1.0 Transitional//EN"
    "http://www.w3.org/TR/xhtml1/DTD/xhtml1-transitional.dtd">
<html xmlns="http://www.w3.org/1999/xhtml" xml:lang="en" lang="en">
 <head>
  <title>
</title>
<meta http-equiv="Content-Type" content="text/html;charset=utf-8" />
  <meta name='ocr-system' content='tesseract 3.04.00' />
  <meta name='ocr-capabilities' content='ocr_page ocr_carea ocr_par ocr_line ocrx_word'/>
</head>
<body>
  <div class='ocr_page' id='page_1' title='image "./deantiquisitali00curtgoog_0033.png"; bbox 0 0 2566 4672; ppageno 0'>
   <div class='ocr_carea' id='block_1_1' title="bbox 505 260 785 330">
    <p class='ocr_par' dir='ltr' id='par_1_1' title="bbox 505 260 785 330">
     <span class='ocr_line' id='line_1_1' title="bbox 505 260 785 330; baseline 0.025 -27"><span class='ocrx_word' id='word_1_1' title='bbox 505 260 785 330; x_wconf 72' lang='grc'>...16-</span> 
     </span>
    </p>
   </div>
   <div class='ocr_carea' id='block_1_2' title="bbox 122 421 1173 2470">
    <p class='ocr_par' dir='ltr' id='par_1_2' title="bbox 122 421 1173 2470">
     <span class='ocr_line' id='line_1_2' title="bbox 147 421 1152 506; baseline 0.008 -19"><span class='ocrx_word' id='word_1_2' title='bbox 147 443 256 489; x_wconf 87' lang='lat' dir='ltr'>nomcn</span> <span class='ocrx_word' id='word_1_3' title='bbox 275 424 429 505; x_wconf 81' lang='lat' dir='ltr'>ulriaoque</span> <span class='ocrx_word' id='word_1_4' title='bbox 447 421 562 506; x_wconf 81' lang='lat' dir='ltr'>popub,</span> <span class='ocrx_word' id='word_1_5' title='bbox 588 425 633 486; x_wconf 86' lang='lat' dir='ltr'>slc</span> <span class='ocrx_word' id='word_1_6' title='bbox 652 425 769 484; x_wconf 79' lang='lat' dir='ltr'>Italiae</span> <span class='ocrx_word' id='word_1_7' title='bbox 795 447 952 491; x_wconf 86' lang='lat' dir='ltr'>commune</span> <span class='ocrx_word' id='word_1_8' title='bbox 971 432 1063 494; x_wconf 71' lang='lat' dir='ltr'>insse</span> <span class='ocrx_word' id='word_1_9' title='bbox 1087 441 1152 496; x_wconf 84' lang='lat' dir='ltr'>ter-</span> 
     </span>
     <span class='ocr_line' id='line_1_3' title="bbox 147 512 1173 620; baseline 0.01 -25"><span class='ocrx_word' id='word_1_10' title='bbox 147 554 208 608; x_wconf 81' lang='lat' dir='ltr'>roe,</span> <span class='ocrx_word' id='word_1_11' title='bbox 227 534 264 593; x_wconf 89' lang='lat' dir='ltr'>ob</span> <span class='ocrx_word' id='word_1_12' title='bbox 290 540 418 616; x_wconf 83' lang='lat' dir='ltr'>utroque</span> <span class='ocrx_word' id='word_1_13' title='bbox 442 534 604 610; x_wconf 79' lang='lat' dir='ltr'>habitatae,</span> <span class='ocrx_word' id='word_1_14' title='bbox 630 537 794 616; x_wconf 82' lang='lat' dir='ltr'>quaeritur,</span> <span class='ocrx_word' id='word_1_15' title='bbox 820 541 871 620; x_wconf 87' lang='lat' dir='ltr'>qui</span> <span class='ocrx_word' id='word_1_16' title='bbox 901 512 1024 602; x_wconf 25' lang='lat' dir='ltr'>frocum*</span> <span class='ocrx_word' id='word_1_17' title='bbox 1038 545 1088 620; x_wconf 84' lang='lat' dir='ltr'>sit,</span> <span class='ocrx_word' id='word_1_18' title='bbox 1116 554 1173 605; x_wconf 79' lang='lat' dir='ltr'>ut¹</span> 
     </span>
     <span class='ocr_line' id='line_1_4' title="bbox 147 641 1151 720; baseline 0.011 -17"><span class='ocrx_word' id='word_1_19' title='bbox 147 642 324 703; x_wconf 74' lang='lat' dir='ltr'>Antiochus</span> <span class='ocrx_word' id='word_1_20' title='bbox 340 645 413 704; x_wconf 74' lang='lat' dir='ltr'>rotie</span> <span class='ocrx_word' id='word_1_21' title='bbox 434 645 575 705; x_wconf 85' lang='lat' dir='ltr'>Oenotria</span> <span class='ocrx_word' id='word_1_22' title='bbox 594 649 626 705; x_wconf 85' lang='lat' dir='ltr'>et</span> <span class='ocrx_word' id='word_1_23' title='bbox 647 641 811 704; x_wconf 75' lang='lat' dir='ltr'><em>Oenotriae</em></span> <span class='ocrx_word' id='word_1_24' title='bbox 823 655 922 710; x_wconf 81' lang='lat' dir='ltr'>terrae</span> <span class='ocrx_word' id='word_1_25' title='bbox 935 650 1011 713; x_wconf 84' lang='lat' dir='ltr'>haec</span> <span class='ocrx_word' id='word_1_26' title='bbox 1025 642 1151 720; x_wconf 72' lang='lat' dir='ltr'>nomime</span> 
     </span>
     <span class='ocr_line' id='line_1_5' title="bbox 145 753 1149 841; baseline 0.009 -27"><span class='ocrx_word' id='word_1_27' title='bbox 145 753 292 841; x_wconf 78' lang='lat' dir='ltr'>tribuerit.</span> <span class='ocrx_word' id='word_1_28' title='bbox 333 753 419 834; x_wconf 86' lang='lat' dir='ltr'>Quae</span> <span class='ocrx_word' id='word_1_29' title='bbox 438 753 559 834; x_wconf 72' lang='lat' dir='ltr'>qmdem</span> <span class='ocrx_word' id='word_1_30' title='bbox 583 771 632 813; x_wconf 90' lang='lat' dir='ltr'>res</span> <span class='ocrx_word' id='word_1_31' title='bbox 651 772 712 813; x_wconf 87' lang='lat' dir='ltr'>non</span> <span class='ocrx_word' id='word_1_32' title='bbox 736 753 779 815; x_wconf 82' lang='lat' dir='ltr'>ita</span> <span class='ocrx_word' id='word_1_33' title='bbox 805 756 933 819; x_wconf 85' lang='lat' dir='ltr'>difficilis</span> <span class='ocrx_word' id='word_1_34' title='bbox 960 767 1006 822; x_wconf 91' lang='lat' dir='ltr'>est</span> <span class='ocrx_word' id='word_1_35' title='bbox 1031 763 1068 822; x_wconf 90' lang='lat' dir='ltr'>ad</span> <span class='ocrx_word' id='word_1_36' title='bbox 1095 784 1149 824; x_wconf 84' lang='lat' dir='ltr'>ex·</span> 
     </span>
     <span class='ocr_line' id='line_1_6' title="bbox 144 859 1148 952; baseline -0.003 -28"><span class='ocrx_word' id='word_1_37' title='bbox 144 863 325 946; x_wconf 82' lang='lat' dir='ltr'>plicandum.</span> <span class='ocrx_word' id='word_1_38' title='bbox 371 861 474 935; x_wconf 84' lang='lat' dir='ltr'>Primi,</span> <span class='ocrx_word' id='word_1_39' title='bbox 500 861 552 942; x_wconf 85' lang='lat' dir='ltr'>qni</span> <span class='ocrx_word' id='word_1_40' title='bbox 576 861 614 921; x_wconf 86' lang='lat' dir='ltr'>ad</span> <span class='ocrx_word' id='word_1_41' title='bbox 640 859 716 922; x_wconf 87' lang='lat' dir='ltr'>banc</span> <span class='ocrx_word' id='word_1_42' title='bbox 739 866 858 922; x_wconf 76' lang='lat' dir='ltr'>Italiae</span> <span class='ocrx_word' id='word_1_43' title='bbox 882 874 1000 948; x_wconf 72' lang='lat' dir='ltr'>partem</span> <span class='ocrx_word' id='word_1_44' title='bbox 1024 871 1148 952; x_wconf 66' lang='lat' dir='ltr'>appule.</span> 
     </span>
     <span class='ocr_line' id='line_1_7' title="bbox 146 969 1147 1052; baseline 0.009 -19"><span class='ocrx_word' id='word_1_45' title='bbox 146 978 225 1048; x_wconf 87' lang='lat' dir='ltr'>rant,</span> <span class='ocrx_word' id='word_1_46' title='bbox 247 973 362 1031; x_wconf 83' lang='lat' dir='ltr'>Graeci</span> <span class='ocrx_word' id='word_1_47' title='bbox 380 969 419 1031; x_wconf 91' lang='lat' dir='ltr'>ob</span> <span class='ocrx_word' id='word_1_48' title='bbox 437 986 568 1046; x_wconf 83' lang='lat' dir='ltr'>causam,</span> <span class='ocrx_word' id='word_1_49' title='bbox 588 987 665 1050; x_wconf 88' lang='lat' dir='ltr'>quae</span> <span class='ocrx_word' id='word_1_50' title='bbox 684 989 775 1051; x_wconf 85' lang='lat' dir='ltr'>supra</span> <span class='ocrx_word' id='word_1_51' title='bbox 794 973 882 1049; x_wconf 77' lang='lat' dir='ltr'>allata</span> <span class='ocrx_word' id='word_1_52' title='bbox 903 982 959 1052; x_wconf 86' lang='lat' dir='ltr'>est,</span> <span class='ocrx_word' id='word_1_53' title='bbox 978 983 1078 1041; x_wconf 87' lang='lat' dir='ltr'>terrac</span> <span class='ocrx_word' id='word_1_54' title='bbox 1091 1001 1147 1041; x_wconf 91' lang='lat' dir='ltr'>no-</span> 
     </span>
     <span class='ocr_line' id='line_1_8' title="bbox 122 1062 1148 1166; baseline 0.009 -25"><span class='ocrx_word' id='word_1_55' title='bbox 122 1099 213 1147; x_wconf 76' lang='lat' dir='ltr'>,mon</span> <span class='ocrx_word' id='word_1_56' title='bbox 237 1068 412 1164; x_wconf 78' lang='grc' dir='ltr'><strong><em>Οἰνωτρία,</em></strong></span> <span class='ocrx_word' id='word_1_57' title='bbox 430 1078 532 1160; x_wconf 77' lang='lat' dir='ltr'>itaque</span> <span class='ocrx_word' id='word_1_58' title='bbox 550 1075 657 1140; x_wconf 88' lang='lat' dir='ltr'>incolis</span> <span class='ocrx_word' id='word_1_59' title='bbox 681 1067 850 1166; x_wconf 75' lang='lat' dir='ltr'>Oo&#39;thpoc‘</span> <span class='ocrx_word' id='word_1_60' title='bbox 873 1062 1048 1163; x_wconf 19' lang='lat' dir='ltr'>posuerant-¹</span> <span class='ocrx_word' id='word_1_61' title='bbox 1063 1086 1148 1149; x_wconf 82' lang='lat' dir='ltr'>Fieri</span> 
     </span>
     <span class='ocr_line' id='line_1_9' title="bbox 144 1188 1147 1273; baseline 0.005 -20"><span class='ocrx_word' id='word_1_62' title='bbox 144 1199 244 1253; x_wconf 85' lang='lat' dir='ltr'>tnmcn</span> <span class='ocrx_word' id='word_1_63' title='bbox 274 1207 334 1248; x_wconf 75' lang='lat' dir='ltr'>eron</span> <span class='ocrx_word' id='word_1_64' title='bbox 362 1188 471 1268; x_wconf 83' lang='lat' dir='ltr'>potuit,</span> <span class='ocrx_word' id='word_1_65' title='bbox 503 1188 576 1268; x_wconf 82' lang='lat' dir='ltr'>quin</span> <span class='ocrx_word' id='word_1_66' title='bbox 608 1190 659 1270; x_wconf 90' lang='lat' dir='ltr'>qni</span> <span class='ocrx_word' id='word_1_67' title='bbox 684 1191 811 1269; x_wconf 80' lang='lat' dir='ltr'>posteris</span> <span class='ocrx_word' id='word_1_68' title='bbox 836 1192 1020 1273; x_wconf 79' lang='lat' dir='ltr'><strong>temporibus</strong></span> <span class='ocrx_word' id='word_1_69' title='bbox 1045 1197 1077 1255; x_wconf 91' lang='lat' dir='ltr'>in</span> <span class='ocrx_word' id='word_1_70' title='bbox 1095 1196 1147 1258; x_wconf 87' lang='lat' dir='ltr'>bis</span> 
     </span>
     <span class='ocr_line' id='line_1_10' title="bbox 144 1294 1144 1381; baseline 0.004 -21"><span class='ocrx_word' id='word_1_71' title='bbox 144 1299 204 1360; x_wconf 87' lang='lat' dir='ltr'>oris</span> <span class='ocrx_word' id='word_1_72' title='bbox 228 1295 314 1356; x_wconf 83' lang='lat' dir='ltr'>sedes</span> <span class='ocrx_word' id='word_1_73' title='bbox 341 1294 533 1370; x_wconf 80' lang='lat' dir='ltr'>collocarent,</span> <span class='ocrx_word' id='word_1_74' title='bbox 558 1297 770 1380; x_wconf 80' lang='lat' dir='ltr'>comperirent,</span> <span class='ocrx_word' id='word_1_75' title='bbox 800 1299 907 1361; x_wconf 85' lang='lat' dir='ltr'>incolis</span> <span class='ocrx_word' id='word_1_76' title='bbox 936 1300 1009 1381; x_wconf 88' lang='lat' dir='ltr'>ipsis</span> <span class='ocrx_word' id='word_1_77' title='bbox 1034 1321 1070 1361; x_wconf 87' lang='lat' dir='ltr'>ea</span> <span class='ocrx_word' id='word_1_78' title='bbox 1089 1325 1144 1364; x_wconf 88' lang='lat' dir='ltr'>no·</span> 
     </span>
     <span class='ocr_line' id='line_1_11' title="bbox 144 1403 1143 1495; baseline 0 -26"><span class='ocrx_word' id='word_1_79' title='bbox 144 1408 224 1469; x_wconf 84' lang='lat' dir='ltr'>mina</span> <span class='ocrx_word' id='word_1_80' title='bbox 243 1424 365 1488; x_wconf 85' lang='lat' dir='ltr'>prorsus</span> <span class='ocrx_word' id='word_1_81' title='bbox 385 1422 449 1465; x_wconf 87' lang='lat' dir='ltr'>esse</span> <span class='ocrx_word' id='word_1_82' title='bbox 468 1404 569 1484; x_wconf 80' lang='lat' dir='ltr'>ignota</span> <span class='ocrx_word' id='word_1_83' title='bbox 590 1409 621 1466; x_wconf 87' lang='lat' dir='ltr'>ot</span> <span class='ocrx_word' id='word_1_84' title='bbox 639 1403 728 1488; x_wconf 80' lang='lat' dir='ltr'>longe</span> <span class='ocrx_word' id='word_1_85' title='bbox 747 1406 804 1469; x_wconf 86' lang='lat' dir='ltr'>alia</span> <span class='ocrx_word' id='word_1_86' title='bbox 829 1427 906 1487; x_wconf 86' lang='lat' dir='ltr'>csse,</span> <span class='ocrx_word' id='word_1_87' title='bbox 931 1427 1007 1491; x_wconf 75' lang='lat' dir='ltr'>quac</span> <span class='ocrx_word' id='word_1_88' title='bbox 1031 1408 1089 1495; x_wconf 75' lang='lat' dir='ltr'>ipsi</span> <span class='ocrx_word' id='word_1_89' title='bbox 1109 1416 1143 1469; x_wconf 84' lang='lat' dir='ltr'>ct</span> 
     </span>
     <span class='ocr_line' id='line_1_12' title="bbox 144 1495 1143 1600; baseline -0.006 -19"><span class='ocrx_word' id='word_1_90' title='bbox 144 1518 202 1581; x_wconf 86' lang='lat' dir='ltr'>eibi</span> <span class='ocrx_word' id='word_1_91' title='bbox 221 1523 253 1579; x_wconf 84' lang='lat' dir='ltr'>ct</span> <span class='ocrx_word' id='word_1_92' title='bbox 270 1520 370 1576; x_wconf 82' lang='lat' dir='ltr'>terrac</span> <span class='ocrx_word' id='word_1_93' title='bbox 389 1495 557 1574; x_wconf 82' lang='lat' dir='ltr'>tribuerent</span> <span class='ocrx_word' id='word_1_94' title='bbox 574 1516 703 1579; x_wconf 87' lang='lat' dir='ltr'>nomina.</span> <span class='ocrx_word' id='word_1_95' title='bbox 741 1515 783 1579; x_wconf 86' lang='lat' dir='ltr'>Ut</span> <span class='ocrx_word' id='word_1_96' title='bbox 800 1517 892 1600; x_wconf 78' lang='lat' dir='ltr'>igitur</span> <span class='ocrx_word' id='word_1_97' title='bbox 910 1515 1064 1600; x_wconf 83' lang='lat' dir='ltr'>probabile</span> <span class='ocrx_word' id='word_1_98' title='bbox 1084 1523 1143 1590; x_wconf 77' lang='lat' dir='ltr'>est,</span> 
     </span>
     <span class='ocr_line' id='line_1_13' title="bbox 146 1620 1144 1709; baseline -0.003 -19"><span class='ocrx_word' id='word_1_99' title='bbox 146 1629 293 1696; x_wconf 76' lang='lat' dir='ltr'>Graecos,</span> <span class='ocrx_word' id='word_1_100' title='bbox 317 1621 442 1686; x_wconf 81' lang='lat' dir='ltr'>retentis</span> <span class='ocrx_word' id='word_1_101' title='bbox 466 1620 626 1703; x_wconf 86' lang='lat' dir='ltr'>prioribus,</span> <span class='ocrx_word' id='word_1_102' title='bbox 646 1645 723 1708; x_wconf 89' lang='lat' dir='ltr'>quae</span> <span class='ocrx_word' id='word_1_103' title='bbox 735 1646 751 1688; x_wconf 92' lang='lat' dir='ltr'>a</span> <span class='ocrx_word' id='word_1_104' title='bbox 763 1625 956 1709; x_wconf 78' lang='lat' dir='ltr'>popularibup</span> <span class='ocrx_word' id='word_1_105' title='bbox 974 1626 1012 1686; x_wconf 85' lang='lat' dir='ltr'>iis</span> <span class='ocrx_word' id='word_1_106' title='bbox 1030 1625 1144 1687; x_wconf 85' lang='lat' dir='ltr'>tradita</span> 
     </span>
     <span class='ocr_line' id='line_1_14' title="bbox 145 1729 1142 1818; baseline -0.002 -19"><span class='ocrx_word' id='word_1_107' title='bbox 145 1740 247 1811; x_wconf 78' lang='lat' dir='ltr'>eraut,</span> <span class='ocrx_word' id='word_1_108' title='bbox 260 1729 438 1807; x_wconf 85' lang='lat' dir='ltr'>nominibus,</span> <span class='ocrx_word' id='word_1_109' title='bbox 457 1732 615 1795; x_wconf 84' lang='lat' dir='ltr'>vernaculo</span> <span class='ocrx_word' id='word_1_110' title='bbox 637 1756 757 1816; x_wconf 86' lang='lat' dir='ltr'>quoquc</span> <span class='ocrx_word' id='word_1_111' title='bbox 776 1737 946 1818; x_wconf 69' lang='lat' dir='ltr'>recepisse,</span> <span class='ocrx_word' id='word_1_112' title='bbox 971 1736 1014 1795; x_wconf 86' lang='lat' dir='ltr'>ita</span> <span class='ocrx_word' id='word_1_113' title='bbox 1034 1734 1073 1796; x_wconf 85' lang='lat' dir='ltr'>ad</span> <span class='ocrx_word' id='word_1_114' title='bbox 1090 1755 1142 1797; x_wconf 83' lang='lat' dir='ltr'>ve·</span> 
     </span>
     <span class='ocr_line' id='line_1_15' title="bbox 143 1836 1145 1926; baseline -0.007 -19"><span class='ocrx_word' id='word_1_115' title='bbox 143 1845 264 1907; x_wconf 85' lang='lat' dir='ltr'>ritatem</span> <span class='ocrx_word' id='word_1_116' title='bbox 283 1839 426 1903; x_wconf 85' lang='lat' dir='ltr'>accedero</span> <span class='ocrx_word' id='word_1_117' title='bbox 445 1836 575 1918; x_wconf 85' lang='lat' dir='ltr'>videtur,</span> <span class='ocrx_word' id='word_1_118' title='bbox 593 1841 747 1926; x_wconf 65' lang='lat' dir='ltr'>indigenas</span> <span class='ocrx_word' id='word_1_119' title='bbox 766 1843 817 1902; x_wconf 91' lang='lat' dir='ltr'>illa</span> <span class='ocrx_word' id='word_1_120' title='bbox 835 1844 956 1904; x_wconf 88' lang='lat' dir='ltr'>nomina</span> <span class='ocrx_word' id='word_1_121' title='bbox 975 1860 993 1902; x_wconf 92' lang='lat' dir='ltr'>a</span> <span class='ocrx_word' id='word_1_122' title='bbox 1014 1843 1145 1902; x_wconf 72' lang='lat' dir='ltr'>Graecis</span> 
     </span>
     <span class='ocr_line' id='line_1_16' title="bbox 143 1945 1144 2033; baseline -0.002 -18"><span class='ocrx_word' id='word_1_123' title='bbox 143 1955 264 2014; x_wconf 86' lang='lat' dir='ltr'>inventa</span> <span class='ocrx_word' id='word_1_124' title='bbox 282 1967 343 2010; x_wconf 91' lang='lat' dir='ltr'>non</span> <span class='ocrx_word' id='word_1_125' title='bbox 362 1966 484 2031; x_wconf 83' lang='lat' dir='ltr'>prorsus</span> <span class='ocrx_word' id='word_1_126' title='bbox 503 1945 651 2025; x_wconf 77' lang='lat' dir='ltr'>abnuisse,</span> <span class='ocrx_word' id='word_1_127' title='bbox 669 1952 771 2031; x_wconf 81' lang='lat' dir='ltr'>itaque</span> <span class='ocrx_word' id='word_1_128' title='bbox 798 1951 908 2033; x_wconf 80' lang='lat' dir='ltr'>duplex</span> <span class='ocrx_word' id='word_1_129' title='bbox 935 1958 966 2013; x_wconf 89' lang='lat' dir='ltr'>et</span> <span class='ocrx_word' id='word_1_130' title='bbox 984 1958 1085 2032; x_wconf 84' lang='lat' dir='ltr'>terrae</span> <span class='ocrx_word' id='word_1_131' title='bbox 1111 1960 1144 2015; x_wconf 84' lang='lat' dir='ltr'>et</span> 
     </span>
     <span class='ocr_line' id='line_1_17' title="bbox 142 2058 1140 2144; baseline -0.005 -22"><span class='ocrx_word' id='word_1_132' title='bbox 142 2058 246 2144; x_wconf 90' lang='lat' dir='ltr'>populi</span> <span class='ocrx_word' id='word_1_133' title='bbox 264 2076 374 2125; x_wconf 83' lang='lat' dir='ltr'>nomen</span> <span class='ocrx_word' id='word_1_134' title='bbox 392 2077 449 2119; x_wconf 84' lang='lat' dir='ltr'>usu</span> <span class='ocrx_word' id='word_1_135' title='bbox 468 2075 533 2119; x_wconf 85' lang='lat' dir='ltr'>csso</span> <span class='ocrx_word' id='word_1_136' title='bbox 552 2065 717 2142; x_wconf 85' lang='lat' dir='ltr'>receptam.</span> <span class='ocrx_word' id='word_1_137' title='bbox 740 2058 808 2138; x_wconf 86' lang='lat' dir='ltr'>Quo</span> <span class='ocrx_word' id='word_1_138' title='bbox 821 2061 933 2120; x_wconf 84' lang='lat' dir='ltr'>iactum</span> <span class='ocrx_word' id='word_1_139' title='bbox 946 2067 1002 2135; x_wconf 83' lang='lat' dir='ltr'>cst,</span> <span class='ocrx_word' id='word_1_140' title='bbox 1022 2066 1056 2121; x_wconf 83' lang='lat' dir='ltr'>ut</span> <span class='ocrx_word' id='word_1_141' title='bbox 1068 2061 1140 2120; x_wconf 87' lang='lat' dir='ltr'>An-</span> 
     </span>
     <span class='ocr_line' id='line_1_18' title="bbox 141 2163 1138 2251; baseline 0.003 -23"><span class='ocrx_word' id='word_1_142' title='bbox 141 2166 270 2240; x_wconf 75' lang='lat' dir='ltr'>tiochus,</span> <span class='ocrx_word' id='word_1_143' title='bbox 291 2185 393 2248; x_wconf 90' lang='lat' dir='ltr'>quum,</span> <span class='ocrx_word' id='word_1_144' title='bbox 411 2163 521 2226; x_wconf 86' lang='lat' dir='ltr'>librum</span> <span class='ocrx_word' id='word_1_145' title='bbox 547 2166 584 2228; x_wconf 88' lang='lat' dir='ltr'>dc</span> <span class='ocrx_word' id='word_1_146' title='bbox 604 2167 660 2230; x_wconf 89' lang='lat' dir='ltr'>bac</span> <span class='ocrx_word' id='word_1_147' title='bbox 679 2174 760 2228; x_wconf 79' lang='lat' dir='ltr'>terra</span> <span class='ocrx_word' id='word_1_148' title='bbox 786 2171 1015 2251; x_wconf 69' lang='lat' dir='ltr'>compositurus,</span> <span class='ocrx_word' id='word_1_149' title='bbox 1040 2171 1138 2231; x_wconf 67' lang='lat' dir='ltr'>scisci»</span> 
     </span>
     <span class='ocr_line' id='line_1_19' title="bbox 142 2274 1140 2361; baseline -0.002 -19"><span class='ocrx_word' id='word_1_150' title='bbox 142 2278 233 2342; x_wconf 87' lang='lat' dir='ltr'>tando</span> <span class='ocrx_word' id='word_1_151' title='bbox 253 2274 451 2358; x_wconf 75' lang='lat' dir='ltr'>cognovisset,</span> <span class='ocrx_word' id='word_1_152' title='bbox 477 2281 542 2337; x_wconf 85' lang='lat' dir='ltr'>tum</span> <span class='ocrx_word' id='word_1_153' title='bbox 569 2277 678 2360; x_wconf 85' lang='lat' dir='ltr'>duplex</span> <span class='ocrx_word' id='word_1_154' title='bbox 710 2279 820 2361; x_wconf 92' lang='lat' dir='ltr'>populo</span> <span class='ocrx_word' id='word_1_155' title='bbox 852 2286 882 2339; x_wconf 87' lang='lat' dir='ltr'>et</span> <span class='ocrx_word' id='word_1_156' title='bbox 906 2286 1006 2339; x_wconf 85' lang='lat' dir='ltr'>terrae</span> <span class='ocrx_word' id='word_1_157' title='bbox 1031 2298 1140 2340; x_wconf 89' lang='lat' dir='ltr'>nomen</span> 
     </span>
     <span class='ocr_line' id='line_1_20' title="bbox 142 2382 1168 2470; baseline -0.006 -18"><span class='ocrx_word' id='word_1_158' title='bbox 142 2407 218 2465; x_wconf 80' lang='lat' dir='ltr'>esse,</span> <span class='ocrx_word' id='word_1_159' title='bbox 245 2392 309 2447; x_wconf 85' lang='lat' dir='ltr'>turn</span> <span class='ocrx_word' id='word_1_160' title='bbox 334 2382 456 2445; x_wconf 83' lang='lat' dir='ltr'>alterius</span> <span class='ocrx_word' id='word_1_161' title='bbox 476 2385 603 2447; x_wconf 87' lang='lat' dir='ltr'>nominis</span> <span class='ocrx_word' id='word_1_162' title='bbox 623 2389 777 2470; x_wconf 75' lang='lat' dir='ltr'>originem,</span> <span class='ocrx_word' id='word_1_163' title='bbox 796 2394 831 2447; x_wconf 84' lang='lat' dir='ltr'>ut</span> <span class='ocrx_word' id='word_1_164' title='bbox 854 2388 933 2447; x_wconf 84' lang='lat' dir='ltr'>vitae</span> <span class='ocrx_word' id='word_1_165' title='bbox 957 2385 1141 2447; x_wconf 89' lang='lat' dir='ltr'>humanioris</span> <span class='ocrx_word' id='word_1_166' title='bbox 1159 2415 1168 2426; x_wconf 94' lang='lat'>·</span> 
     </span>
    </p>
   </div>
   <div class='ocr_carea' id='block_1_3' title="bbox 6 2468 1144 2575">
    <p class='ocr_par' dir='ltr' id='par_1_3' title="bbox 6 2468 1144 2575">
     <span class='ocr_line' id='line_1_21' title="bbox 6 2468 1144 2575; baseline -0.006 -16"><span class='ocrx_word' id='word_1_167' title='bbox 6 2468 11 2474; x_wconf 74' lang='grc'>’</span> <span class='ocrx_word' id='word_1_168' title='bbox 62 2502 64 2507; x_wconf 95' lang='grc'><strong><em>·</em></strong></span> <span class='ocrx_word' id='word_1_169' title='bbox 141 2495 237 2572; x_wconf 70' lang='lat' dir='ltr'>anius,</span> <span class='ocrx_word' id='word_1_170' title='bbox 257 2493 292 2554; x_wconf 77' lang='lat' dir='ltr'>ao</span> <span class='ocrx_word' id='word_1_171' title='bbox 313 2493 385 2574; x_wconf 71' lang='lat' dir='ltr'>rpus</span> <span class='ocrx_word' id='word_1_172' title='bbox 403 2492 549 2575; x_wconf 71' lang='lat' dir='ltr'>indigenis</span> <span class='ocrx_word' id='word_1_173' title='bbox 569 2496 856 2557; x_wconf 65' lang='lat' dir='ltr'>rasomonorum</span> <span class='ocrx_word' id='word_1_174' title='bbox 870 2496 1084 2573; x_wconf 62' lang='lat' dir='ltr'>(inueniam</span> <span class='ocrx_word' id='word_1_175' title='bbox 1102 2529 1144 2543; x_wconf 83' lang='lat'>.-</span> 
     </span>
    </p>
   </div>
   <div class='ocr_carea' id='block_1_4' title="bbox 95 2603 1192 3999">
    <p class='ocr_par' dir='ltr' id='par_1_4' title="bbox 95 2603 1192 3999">
     <span class='ocr_line' id='line_1_22' title="bbox 141 2603 1139 2692; baseline 0 -27"><span class='ocrx_word' id='word_1_176' title='bbox 141 2626 170 2684; x_wconf 69' lang='grc' dir='ltr'>γ.</span> <span class='ocrx_word' id='word_1_177' title='bbox 201 2603 306 2688; x_wconf 80' lang='lat' dir='ltr'>supra)</span> <span class='ocrx_word' id='word_1_178' title='bbox 339 2603 497 2682; x_wconf 82' lang='lat' dir='ltr'>quendam.</span> <span class='ocrx_word' id='word_1_179' title='bbox 524 2624 590 2666; x_wconf 89' lang='lat' dir='ltr'>eam</span> <span class='ocrx_word' id='word_1_180' title='bbox 622 2605 679 2667; x_wconf 89' lang='lat' dir='ltr'>sibi</span> <span class='ocrx_word' id='word_1_181' title='bbox 711 2605 886 2668; x_wconf 80' lang='lat' dir='ltr'>informaret</span> <span class='ocrx_word' id='word_1_182' title='bbox 918 2605 1139 2692; x_wconf 75' lang='lat' dir='ltr'>cogitationem,</span> 
     </span>
     <span class='ocr_line' id='line_1_23' title="bbox 140 2711 1142 2793; baseline 0.001 -19"><span class='ocrx_word' id='word_1_183' title='bbox 140 2712 221 2776; x_wconf 88' lang='lat' dir='ltr'>huuc</span> <span class='ocrx_word' id='word_1_184' title='bbox 239 2711 360 2772; x_wconf 82' lang='lat' dir='ltr'>Italum</span> <span class='ocrx_word' id='word_1_185' title='bbox 378 2712 490 2793; x_wconf 91' lang='lat' dir='ltr'>populo</span> <span class='ocrx_word' id='word_1_186' title='bbox 509 2715 662 2777; x_wconf 84' lang='lat' dir='ltr'>nominum</span> <span class='ocrx_word' id='word_1_187' title='bbox 678 2715 877 2774; x_wconf 82' lang='lat' dir='ltr'>Oenotrornrn</span> <span class='ocrx_word' id='word_1_188' title='bbox 887 2720 918 2775; x_wconf 87' lang='lat' dir='ltr'>ct</span> <span class='ocrx_word' id='word_1_189' title='bbox 933 2714 1096 2772; x_wconf 83' lang='lat' dir='ltr'>Oenotriae</span> <span class='ocrx_word' id='word_1_190' title='bbox 1110 2717 1142 2775; x_wconf 90' lang='lat' dir='ltr'>in</span> 
     </span>
     <span class='ocr_line' id='line_1_24' title="bbox 138 2820 1142 2907; baseline 0 -27"><span class='ocrx_word' id='word_1_191' title='bbox 138 2821 294 2880; x_wconf 84' lang='lat' dir='ltr'>Italorum</span> <span class='ocrx_word' id='word_1_192' title='bbox 313 2825 344 2879; x_wconf 88' lang='lat' dir='ltr'>et</span> <span class='ocrx_word' id='word_1_193' title='bbox 362 2820 480 2879; x_wconf 71' lang='lat' dir='ltr'>ltaliae</span> <span class='ocrx_word' id='word_1_194' title='bbox 500 2826 778 2907; x_wconf 82' lang='lat' dir='ltr'>commutandorum</span> <span class='ocrx_word' id='word_1_195' title='bbox 804 2831 958 2884; x_wconf 80' lang='lat' dir='ltr'>auctorem</span> <span class='ocrx_word' id='word_1_196' title='bbox 983 2821 1082 2882; x_wconf 85' lang='lat' dir='ltr'>fuisse.</span> <span class='ocrx_word' id='word_1_197' title='bbox 1102 2855 1142 2866; x_wconf 89' lang='lat'><em>-</em></span> 
     </span>
     <span class='ocr_line' id='line_1_25' title="bbox 140 2926 1141 3014; baseline 0.003 -27"><span class='ocrx_word' id='word_1_198' title='bbox 140 2927 241 3009; x_wconf 84' lang='lat' dir='ltr'>Quum</span> <span class='ocrx_word' id='word_1_199' title='bbox 261 2933 362 2988; x_wconf 81' lang='lat' dir='ltr'>autern</span> <span class='ocrx_word' id='word_1_200' title='bbox 384 2926 562 2989; x_wconf 75' lang='lat' dir='ltr'>Oenotriam</span> <span class='ocrx_word' id='word_1_201' title='bbox 581 2953 691 2993; x_wconf 82' lang='lat' dir='ltr'>nornen</span> <span class='ocrx_word' id='word_1_202' title='bbox 710 2934 840 3014; x_wconf 89' lang='lat' dir='ltr'>primum</span> <span class='ocrx_word' id='word_1_203' title='bbox 858 2929 895 2988; x_wconf 83' lang='lat' dir='ltr'>iis</span> <span class='ocrx_word' id='word_1_204' title='bbox 914 2926 997 3001; x_wconf 85' lang='lat' dir='ltr'>solis,</span> <span class='ocrx_word' id='word_1_205' title='bbox 1025 2929 1076 3008; x_wconf 84' lang='lat' dir='ltr'>qui</span> <span class='ocrx_word' id='word_1_206' title='bbox 1096 2931 1141 2990; x_wconf 88' lang='lat' dir='ltr'>ul-</span> 
     </span>
     <span class='ocr_line' id='line_1_26' title="bbox 138 3036 1140 3118; baseline 0.003 -22"><span class='ocrx_word' id='word_1_207' title='bbox 138 3036 246 3097; x_wconf 84' lang='lat' dir='ltr'>timum</span> <span class='ocrx_word' id='word_1_208' title='bbox 265 3036 383 3096; x_wconf 84' lang='lat' dir='ltr'>Italiae</span> <span class='ocrx_word' id='word_1_209' title='bbox 403 3038 542 3118; x_wconf 79' lang='lat' dir='ltr'>angulum</span> <span class='ocrx_word' id='word_1_210' title='bbox 561 3040 742 3113; x_wconf 83' lang='lat' dir='ltr'>incolebant,</span> <span class='ocrx_word' id='word_1_211' title='bbox 763 3040 866 3098; x_wconf 81' lang='lat' dir='ltr'>datum</span> <span class='ocrx_word' id='word_1_212' title='bbox 885 3040 917 3095; x_wconf 85' lang='lat' dir='ltr'>et</span> <span class='ocrx_word' id='word_1_213' title='bbox 935 3039 999 3094; x_wconf 86' lang='lat' dir='ltr'>tum</span> <span class='ocrx_word' id='word_1_214' title='bbox 1020 3036 1140 3100; x_wconf 70' lang='lat' dir='ltr'>denium</span> 
     </span>
     <span class='ocr_line' id='line_1_27' title="bbox 137 3142 1138 3226; baseline 0.002 -22"><span class='ocrx_word' id='word_1_215' title='bbox 137 3145 169 3204; x_wconf 89' lang='lat' dir='ltr'>iu</span> <span class='ocrx_word' id='word_1_216' title='bbox 180 3142 297 3204; x_wconf 73' lang='lat' dir='ltr'>Cicones</span> <span class='ocrx_word' id='word_1_217' title='bbox 316 3165 435 3226; x_wconf 87' lang='lat' dir='ltr'>quoque</span> <span class='ocrx_word' id='word_1_218' title='bbox 449 3145 625 3208; x_wconf 76' lang='lat' dir='ltr'>translatum</span> <span class='ocrx_word' id='word_1_219' title='bbox 646 3155 735 3222; x_wconf 84' lang='lat' dir='ltr'>esset,</span> <span class='ocrx_word' id='word_1_220' title='bbox 749 3164 842 3226; x_wconf 89' lang='lat' dir='ltr'>quum</span> <span class='ocrx_word' id='word_1_221' title='bbox 856 3143 971 3202; x_wconf 82' lang='lat' dir='ltr'>Graeci</span> <span class='ocrx_word' id='word_1_222' title='bbox 984 3146 1138 3225; x_wconf 87' lang='lat' dir='ltr'>utriusque</span> 
     </span>
     <span class='ocr_line' id='line_1_28' title="bbox 138 3252 1138 3337; baseline -0.002 -24"><span class='ocrx_word' id='word_1_223' title='bbox 138 3252 241 3336; x_wconf 87' lang='lat' dir='ltr'>populi</span> <span class='ocrx_word' id='word_1_224' title='bbox 262 3272 420 3314; x_wconf 88' lang='lat' dir='ltr'>commune</span> <span class='ocrx_word' id='word_1_225' title='bbox 440 3274 533 3335; x_wconf 79' lang='lat' dir='ltr'>genus</span> <span class='ocrx_word' id='word_1_226' title='bbox 557 3275 625 3317; x_wconf 87' lang='lat' dir='ltr'>esse</span> <span class='ocrx_word' id='word_1_227' title='bbox 645 3255 870 3337; x_wconf 87' lang='lat' dir='ltr'>comperissent,</span> <span class='ocrx_word' id='word_1_228' title='bbox 890 3253 1000 3313; x_wconf 85' lang='lat' dir='ltr'>lactum</span> <span class='ocrx_word' id='word_1_229' title='bbox 1027 3258 1082 3328; x_wconf 84' lang='lat' dir='ltr'>est,</span> <span class='ocrx_word' id='word_1_230' title='bbox 1102 3259 1138 3312; x_wconf 84' lang='lat' dir='ltr'>ut</span> 
     </span>
     <span class='ocr_line' id='line_1_29' title="bbox 138 3361 1136 3445; baseline -0.001 -24"><span class='ocrx_word' id='word_1_231' title='bbox 138 3361 219 3422; x_wconf 86' lang='lat' dir='ltr'>idem</span> <span class='ocrx_word' id='word_1_232' title='bbox 238 3361 415 3439; x_wconf 67' lang='lat' dir='ltr'>Areiioebns</span> <span class='ocrx_word' id='word_1_233' title='bbox 433 3362 490 3423; x_wconf 86' lang='lat' dir='ltr'>sibi</span> <span class='ocrx_word' id='word_1_234' title='bbox 503 3365 709 3445; x_wconf 86' lang='lat' dir='ltr'>persuaderet,</span> <span class='ocrx_word' id='word_1_235' title='bbox 723 3363 874 3422; x_wconf 82' lang='lat' dir='ltr'>Italicum</span> <span class='ocrx_word' id='word_1_236' title='bbox 886 3382 1004 3443; x_wconf 86' lang='lat' dir='ltr'>quoquc</span> <span class='ocrx_word' id='word_1_237' title='bbox 1017 3382 1136 3435; x_wconf 88' lang='lat' dir='ltr'>nomen,</span> 
     </span>
     <span class='ocr_line' id='line_1_30' title="bbox 138 3468 1138 3553; baseline -0.003 -22"><span class='ocrx_word' id='word_1_238' title='bbox 138 3474 242 3531; x_wconf 87' lang='lat' dir='ltr'>nalum</span> <span class='ocrx_word' id='word_1_239' title='bbox 267 3468 345 3551; x_wconf 86' lang='lat' dir='ltr'>apud</span> <span class='ocrx_word' id='word_1_240' title='bbox 371 3469 451 3544; x_wconf 89' lang='lat' dir='ltr'>illos,</span> <span class='ocrx_word' id='word_1_241' title='bbox 483 3490 552 3532; x_wconf 92' lang='lat' dir='ltr'>cum</span> <span class='ocrx_word' id='word_1_242' title='bbox 579 3471 722 3530; x_wconf 75' lang='lat' dir='ltr'>Oenotria</span> <span class='ocrx_word' id='word_1_243' title='bbox 745 3474 816 3552; x_wconf 88' lang='lat' dir='ltr'>post</span> <span class='ocrx_word' id='word_1_244' title='bbox 839 3472 983 3553; x_wconf 85' lang='lat' dir='ltr'>temporis</span> <span class='ocrx_word' id='word_1_245' title='bbox 1008 3472 1138 3552; x_wconf 87' lang='lat' dir='ltr'>spatium</span> 
     </span>
     <span class='ocr_line' id='line_1_31' title="bbox 138 3577 1192 3665; baseline -0.001 -27"><span class='ocrx_word' id='word_1_246' title='bbox 138 3578 329 3660; x_wconf 84' lang='lat' dir='ltr'>interjectum</span> <span class='ocrx_word' id='word_1_247' title='bbox 355 3579 394 3665; x_wconf 81' lang='lat' dir='ltr'>ad</span> <span class='ocrx_word' id='word_1_248' title='bbox 418 3579 473 3642; x_wconf 91' lang='lat' dir='ltr'>bos</span> <span class='ocrx_word' id='word_1_249' title='bbox 494 3577 611 3640; x_wconf 80' lang='lat' dir='ltr'>Chones</span> <span class='ocrx_word' id='word_1_250' title='bbox 629 3581 791 3641; x_wconf 74' lang='lat' dir='ltr'>transisse.</span> <span class='ocrx_word' id='word_1_251' title='bbox 830 3579 894 3641; x_wconf 88' lang='lat' dir='ltr'>Nec</span> <span class='ocrx_word' id='word_1_252' title='bbox 913 3587 969 3654; x_wconf 88' lang='lat' dir='ltr'>cst,</span> <span class='ocrx_word' id='word_1_253' title='bbox 984 3580 1063 3658; x_wconf 89' lang='lat' dir='ltr'>quod</span> <span class='ocrx_word' id='word_1_254' title='bbox 1083 3580 1137 3638; x_wconf 86' lang='lat' dir='ltr'>mi·</span> <span class='ocrx_word' id='word_1_255' title='bbox 1189 3654 1192 3661; x_wconf 33' lang='grc' dir='ltr'>Ι</span> 
     </span>
     <span class='ocr_line' id='line_1_32' title="bbox 137 3683 1138 3772; baseline -0.001 -28"><span class='ocrx_word' id='word_1_256' title='bbox 137 3686 225 3761; x_wconf 86' lang='lat' dir='ltr'>reris,</span> <span class='ocrx_word' id='word_1_257' title='bbox 244 3684 303 3747; x_wconf 91' lang='lat' dir='ltr'>boc</span> <span class='ocrx_word' id='word_1_258' title='bbox 326 3687 370 3748; x_wconf 82' lang='lat' dir='ltr'>ita</span> <span class='ocrx_word' id='word_1_259' title='bbox 393 3687 506 3750; x_wconf 84' lang='lat' dir='ltr'>iactum</span> <span class='ocrx_word' id='word_1_260' title='bbox 530 3708 606 3765; x_wconf 82' lang='lat' dir='ltr'>esse,</span> <span class='ocrx_word' id='word_1_261' title='bbox 633 3690 810 3772; x_wconf 87' lang='lat' dir='ltr'>praesertim</span> <span class='ocrx_word' id='word_1_262' title='bbox 829 3709 920 3769; x_wconf 84' lang='lat' dir='ltr'>quum</span> <span class='ocrx_word' id='word_1_263' title='bbox 945 3683 1138 3744; x_wconf 77' lang='lat' dir='ltr'>Antiochum</span> 
     </span>
     <span class='ocr_line' id='line_1_33' title="bbox 137 3793 1136 3883; baseline 0 -29"><span class='ocrx_word' id='word_1_264' title='bbox 137 3794 300 3856; x_wconf 83' lang='lat' dir='ltr'>verisimile</span> <span class='ocrx_word' id='word_1_265' title='bbox 319 3795 359 3857; x_wconf 85' lang='lat' dir='ltr'>sit</span> <span class='ocrx_word' id='word_1_266' title='bbox 378 3797 498 3859; x_wconf 90' lang='lat' dir='ltr'>omniuo</span> <span class='ocrx_word' id='word_1_267' title='bbox 517 3797 638 3883; x_wconf 77' lang='lat' dir='ltr'>fugisse,</span> <span class='ocrx_word' id='word_1_268' title='bbox 659 3799 739 3878; x_wconf 86' lang='lat' dir='ltr'>quod</span> <span class='ocrx_word' id='word_1_269' title='bbox 760 3797 906 3873; x_wconf 71' lang='lat' dir='ltr'>Oenones</span> <span class='ocrx_word' id='word_1_270' title='bbox 930 3793 1046 3872; x_wconf 85' lang='lat' dir='ltr'>patriae</span> <span class='ocrx_word' id='word_1_271' title='bbox 1067 3814 1136 3855; x_wconf 86' lang='lat' dir='ltr'>suae</span> 
     </span>
     <span class='ocr_line' id='line_1_34' title="bbox 95 3898 1135 3999; baseline 0.004 -38"><span class='ocrx_word' id='word_1_272' title='bbox 95 3967 97 3969; x_wconf 74' lang='lat'>.</span> <span class='ocrx_word' id='word_1_273' title='bbox 135 3898 279 3965; x_wconf 81' lang='lat' dir='ltr'>finitimos</span> <span class='ocrx_word' id='word_1_274' title='bbox 308 3906 480 3999; x_wconf 76' lang='lat' dir='ltr'>praedicare</span> <span class='ocrx_word' id='word_1_275' title='bbox 510 3907 548 3970; x_wconf 78' lang='lat' dir='ltr'>ie</span> <span class='ocrx_word' id='word_1_276' title='bbox 577 3925 609 3968; x_wconf 88' lang='lat' dir='ltr'>sc</span> <span class='ocrx_word' id='word_1_277' title='bbox 638 3906 788 3980; x_wconf 78' lang='lat' dir='ltr'>audiebat,</span> <span class='ocrx_word' id='word_1_278' title='bbox 817 3904 897 3963; x_wconf 87' lang='lat' dir='ltr'>inter</span> <span class='ocrx_word' id='word_1_279' title='bbox 926 3918 958 3960; x_wconf 85' lang='lat' dir='ltr'>se</span> <span class='ocrx_word' id='word_1_280' title='bbox 988 3899 1018 3974; x_wconf 79' lang='lat' dir='ltr'>ip</span> <span class='ocrx_word' id='word_1_281' title='bbox 1039 3901 1135 3965; x_wconf 90' lang='lat' dir='ltr'>lucem</span> 
     </span>
    </p>
   </div>
   <div class='ocr_carea' id='block_1_5' title="bbox 0 0 1288 4672">
    <p class='ocr_par' dir='ltr' id='par_1_5' title="bbox 0 0 1288 4672">
     <span class='ocr_line' id='line_1_35' title="bbox 0 0 1288 4672; baseline 0 3"><span class='ocrx_word' id='word_1_282' title='bbox 0 0 1288 4672; x_wconf 95' lang='lat' dir='ltr'> </span> 
     </span>
    </p>
   </div>
  </div>
 </body>
</html>
