2566 4672
581 280 861 358 ..44-

221 455 379 517 derelietas
411 472 572 538 occupasse
596 459 638 518 ²¹.
678 457 890 513 Paeoniarom
917 455 1038 517 illarum
1066 461 1223 522 nationum

218 566 305 627 aedes
334 553 426 626 etiam
453 564 534 626 ultra
562 566 709 624 Ceroinen
738 570 872 625 montem
903 569 1091 630 occidentem
1125 570 1223 630 solem

217 694 321 736 versus
347 677 544 757 pertinuisse,
568 676 643 735 situs
668 672 782 732 Doberl
806 674 905 753 urbis,
930 698 1021 758 qrram
1045 681 1222 738 Paeoniam

219 784 413 864 Thooyal'des
432 785 578 868 appellat,
597 784 669 843 satis
689 781 822 844 declarat
834 789 877 846 ²².
916 785 999 865 Quin
1019 789 1110 849 etiam
1125 788 1220 848 Chal·

217 895 326 953 olat‘aes
356 895 531 977 peninsulae
555 898 673 973 partem
697 891 819 971 quidem
843 897 983 954 Paeones
1010 897 1151 958 habuisse
1182 919 1221 958 ex

217 1003 367 1066 Herodoto
392 1005 547 1071 discimus,
576 1002 687 1083 quippe
712 1003 764 1081 qni
788 1003 943 1074 Xerxem,
969 1006 1120 1064 Acantho
1145 1007 1222 1067 urbe

218 1097 385 1167 Thermon
397 1116 573 1190 petentem,
598 1130 653 1190 per
672 1111 865 1170 Paeonia-am
888 1120 920 1173 et
938 1115 1148 1173 Orestonleano
1172 1137 1220 1177 re·

214 1218 317 1298 gisnes
341 1219 401 1277 iter
425 1218 533 1280 leoisse
556 1222 661 1280 narret
682 1219 739 1296 ⁹¹).
779 1219 859 1280 Num
884 1227 986 1281 autom
1010 1241 1113 1283 omnes
1140 1227 1219 1284 anti-

213 1345 288 1406 quos
306 1327 480 1408 peninsulae
498 1327 614 1388 incolas
632 1327 761 1388 Veteres
787 1328 869 1390 inter
887 1332 1061 1406 Paeonios⁷
1084 1351 1123 1390 an
1148 1352 1218 1412 par-

137 1500 140 1505 ,
212 1442 276 1497 tem
304 1436 384 1499 inter
416 1435 572 1496 Thracias
602 1436 763 1497 retulerint
791 1414 951 1515 nationes,
984 1440 1123 1521 equidem
1155 1461 1219 1500 nou

213 1531 412 1624 defininetim,
429 1568 521 1630 quum
540 1552 622 1607 eerta
637 1546 726 1626 hujus
740 1548 786 1608 rei
799 1548 1007 1610 desiderentur
1019 1550 1146 1630 vestigia
1156 1551 1216 1637 Ν).

212 1655 262 1719 De
275 1659 448 1728 Bottiaels,
468 1644 640 1737 saepissime
659 1677 719 1716 uua
738 1642 807 1718 eum
819 1657 1091 1728 Chalcidensibus,
1110 1666 1218 1739 utpote

212 1786 341 1846 qnorum
370 1769 463 1828 vieini
495 1774 610 1842 essent,
649 1769 907 1844 commemoratis,
945 1769 1023 1828 infra
1055 1768 1217 1828 dicendum

212 1877 286 1951 erit,
312 1878 382 1955 qnia
402 1897 440 1936 ex
458 1875 592 1956 pristinis
612 1875 732 1937 sedibus
751 1878 846 1959 pulsi,
870 1878 929 1938 hae
952 1884 1034 1940 term
1053 1879 1216 1938 recentiori

210 1982 331 2044 demum
349 2002 425 2045 aevo
444 1984 533 2066 potiti
553 1992 640 2046 erant
656 1983 712 2063 ²⁵).
732 2019 771 2031 -
788 1987 856 2047 Jam
876 1989 913 2048 de
938 1988 975 2046 iis
999 1987 1135 2068 populis,
1163 1988 1216 2065 qui

211 2111 301 2174 supra
320 2091 520 2173 Chalcidicae
546 2094 735 2177 peninsulam
759 2095 842 2171 loca,
868 2116 945 2176 quae
970 2098 1051 2156 inter
1076 2098 1216 2172 Strymo-

212 2222 282 2262 nem
299 2203 424 2264 tl'uvium
442 2210 475 2264 et
497 2203 664 2263 Thermum
683 2224 737 2265 seu
751 2203 989 2263 Thessalonicen
1001 2205 1109 2265 urbem
1120 2206 1213 2265 inter-

210 2314 289 2392 ieeta
309 2319 395 2389 sunt,
418 2313 609 2389 obtinebant,
634 2314 797 2394 disputatio
814 2315 876 2373 erit
893 2314 1085 2376 instituenda.
1124 2314 1214 2374 Com·

211 2429 415 2485 memorantur
433 2423 581 2482 Bisaltae
601 2428 632 2483 et
651 2425 827 2482 Creslonaeo'
842 2425 901 2500 ¹²⁶).
931 2423 972 2483 Et
983 2424 1129 2482 Bisaltae
1149 2426 1213 2505 qui-

211 2532 281 2595 dem
298 2533 449 2593 Inlemdoto
464 2532 513 2611 ²⁷)
538 2524 661 2594 auctore
686 2532 723 2594 ab
748 2534 815 2615 ipso
840 2534 1000 2610 Strymone
1026 2535 1216 2594 occidentem

210 2660 314 2706 versus
333 2644 503 2723 pertinent3
523 2643 615 2703 medii
633 2644 714 2703 inter
733 2661 785 2703 eos
805 2650 838 2702 et
855 2641 1028 2720 Mygdones
1047 2651 1116 2703 sunt
1139 2645 1214 2702 Gre-

208 2754 328 2811 slo'naei
337 2750 394 2830 ²⁸).
418 2751 591 2810 Thracium
601 2752 747 2834 populum
757 2753 850 2814 luisse
861 2753 1017 2821 Bisaltas,
1026 2753 1155 2808 Plinius
1165 2751 1213 2828 ²⁹)

210 2870 242 2922 et
260 2862 364 2920 conon
377 2863 427 2940 ὀ)
447 2869 542 2923 testes
560 2869 640 2924 aunt.
677 2860 727 2923 De
747 2863 955 2930 Oreslonaer's,
973 2879 1047 2921 num
1065 2880 1083 2920 a
1105 2859 1213 2918 Thra-

209 2973 325 3031 oioram
349 2991 387 3032 an
406 2973 615 3030 Paeoniorum
633 2972 815 3052 populorum
838 2971 1112 3046 summiserint,
1136 2969 1214 3030 nihil

208 3079 362 3161 proditum
380 3081 517 3157 invenio,
537 3086 750 3162 praeterquam
768 3080 849 3160 quod
862 3079 1037 3156 Stephanus
1049 3081 1214 3141 Orestonen

208 3187 314 3248 mem
336 3187 495 3249 Tlrroolae
514 3197 729 3251 commemorat
746 3190 812 3266 ³²),
839 3208 916 3268 quae
941 3189 1014 3269 quin
1035 3190 1074 3248 ad
1092 3189 1214 3247 Oresta-

208 3316 302 3357 naeos
324 3306 443 3360 nostros
462 3300 629 3380 pertineat,
653 3300 707 3359 vix
732 3299 808 3373 erit,
833 3298 885 3378 qui
909 3298 941 3358 iu
965 3297 1088 3358 dubium
1112 3304 1211 3358 voeet.

101 3392 104 3397 ⁵
187 3404 275 3469 llos
289 3409 545 3490 vemqnaeritur,
564 3427 637 3467 num
656 3426 746 3487 mam
764 3402 935 3466 IIemdatus
953 3408 1013 3468 suis
1031 3411 1122 3467 etiam
1135 3414 1211 3468 tem-

207 3519 331 3600 poribus
343 3530 368 3578 ‘a
387 3519 535 3596 Pelasgis
553 3516 719 3577 habitatam
739 3517 831 3577 luisse
849 3517 1022 3575 Orestonem
1046 3515 1210 3592 urbem⁸²)

207 3629 346 3710 produn·
359 3629 465 3689 eadem
490 3629 545 3703 sit,
570 3644 647 3707 qnae
666 3625 823 3700 Stephano
843 3632 1103 3700 commemoretur⁷
1125 3646 1209 3685 num·

211 3740 322 3820 quein
336 3740 528 3798 Crestonaels
547 3738 646 3818 posita
664 3735 764 3797 fuerit.
804 3734 894 3814 Quod
913 3736 950 3795 ad
970 3735 1048 3796 hane
1066 3738 1210 3797 rematti·

207 3855 288 3939 net,5
304 3847 454 3928 equidem
486 3866 610 3919 censeo,
643 3846 755 3906 nemini
786 3828 826 3906 ne
857 3846 1057 3926 suspicionem
1088 3845 1212 3926 quidem

208 3946 311 4022 nalum
332 3957 451 4034 -fuisses,
482 3956 565 4016 illam
594 3955 629 4014 ab
659 3954 717 4016 hae
745 3951 895 4020 diversam
924 3960 1014 4034 atque
1045 3953 1116 4014 alibi
1145 3974 1211 4015 essa
