2566 4672
232 486 271 544 iio
305 484 509 544 demonstrare
544 485 634 545 facile
666 481 865 564 supersedere·
892 494 992 561 posse·
1013 480 1084 541 mihi
1117 478 1233 540 ridear.

232 591 350 652 Omissa
373 595 465 676 igitur
489 595 546 656 hue
571 594 786 676 disputatione,
815 592 954 669 exemplo
975 592 1084 651 (iecere
1112 590 1233 671 placei,

232 709 343 782 quanin
361 703 421 764 fide
441 725 476 764 ue
496 705 649 785 diligentia
669 703 848 775 Dionysius,
869 721 960 778 quum
980 709 1118 760 veterum
1138 701 1233 779 serip-

233 817 333 872 torum
352 812 445 888 loeus,
466 816 517 895 qni
531 813 581 874 vel
594 813 631 870 de
643 809 847 885 Pelasgorum
859 811 1084 890 nrigrationibus
1098 815 1232 889 agerent,

233 920 283 981 vel
301 921 406 982 herum
424 922 579 982 illorumve
599 927 746 978 terrarum
770 918 882 1002 incolas
908 921 1046 998 antiquos
1065 939 1118 979 eos
1139 920 1232 977 fuisse

235 1036 518 1103 commemorarent,
544 1029 674 1106 undique
699 1027 870 1107 colligeret,
895 1030 927 1087 in
951 1030 1010 1089 hoo
1035 1046 1156 1106 quoque
1180 1046 1233 1085 ne·

232 1138 314 1216 gotio
326 1143 462 1197 versatus
474 1157 540 1196 esse
553 1137 698 1196 videniur.
728 1135 829 1213 Quum
849 1139 928 1195 enim
947 1140 1026 1197 inter
1046 1137 1232 1208 alienarent,

232 1244 440 1320 Pelasgorum
461 1264 479 1304 a
503 1245 707 1302 Deucalionis
730 1244 909 1325 populorum
935 1247 1089 1326 pulsorum
1113 1252 1234 1326 purtem

231 1355 394 1434 regionem,
414 1374 490 1435 quae
505 1356 585 1414 eirea
600 1353 766 1428 Olympum
779 1361 868 1435 atque
885 1357 995 1412 Ossam
1007 1363 1124 1415 montes
1139 1361 1231 1425 esset,

231 1480 409 1546 occupasse,
428 1464 503 1524 milri
521 1463 642 1544 quidem
661 1465 859 1523 certissimum
879 1472 941 1539 est,
962 1484 1030 1524 eum
1048 1467 1081 1524 iu
1099 1463 1147 1523 his
1164 1482 1232 1522 nne·
1250 1456 1253 1461 ’

231 1579 329 1633 iorem
348 1580 506 1654 sequutum
526 1591 591 1630 esse
610 1572 809 1645 Herodotum,
829 1574 882 1633 sed
902 1592 970 1632 eum
997 1593 1089 1653 prove
1113 1572 1232 1631 intelle·

234 1687 331 1758 otum,
356 1684 400 1742 ita
424 1688 459 1741 ut
478 1682 559 1740 idem
578 1681 607 1739 ei
632 1683 774 1742 occidisse
793 1680 958 1763 putandum
977 1684 1034 1753 sit,
1060 1680 1141 1759 quod
1161 1681 1244 1759 virio,

232 1793 329 1851 nostri
347 1794 414 1853 aevi
432 1810 493 1850 non
517 1791 635 1870 paucis,
661 1811 752 1870 qnos,
778 1793 900 1852 insolito
925 1809 1033 1851 vocum
1051 1783 1091 1846 τὸ
1112 1785 1177 1868 μέν
1191 1825 1233 1836 -

231 1891 272 1954 τὸ
292 1892 330 1955 δέ
353 1917 409 1957 usn
437 1897 645 1971 conturbatos,
675 1898 713 1956 ad
738 1899 890 1976 Pelasgos
918 1897 1056 1958 retulisse
1084 1898 1232 1974 vidimus,

231 2004 312 2084 quod
331 2003 369 2062 de
387 2002 570 2060 Hellenibus
589 2004 701 2062 dictum
720 2011 767 2063 est
783 2003 822 2080 ³).

307 2118 335 2171 ³.
373 2110 500 2186 Cetera,
531 2132 607 2191 quae
642 2115 812 2192 posuimus,
844 2114 976 2178 uberiori
1004 2133 1066 2173 non
1096 2113 1231 2193 indigent

232 2222 437 2304 expositione,
466 2221 594 2296 suffieit,
626 2222 772 2281 lectorem
803 2222 840 2280 ud
872 2230 926 2296 ea,¹
958 2241 1035 2301 quae
1068 2240 1159 2303 supro
1193 2222 1231 2282 de

233 2331 337 2409 eadem
373 2351 408 2391 re
445 2331 595 2412 disputata
630 2336 717 2404 sunt,
752 2330 901 2409 rejecisse.
965 2329 1082 2411 Quodsi
1117 2331 1231 2390 dicium

233 2447 290 2518 ost,
309 2461 359 2504 me
376 2460 438 2501 non
457 2442 578 2500 omnino
596 2458 718 2520 negare,
739 2439 1039 2500 Thraciasnationes
1054 2461 1091 2500 ex
1103 2442 1231 2516 Europa

231 2552 264 2611 in
282 2550 395 2611 Asiam
412 2549 626 2623 transmisisse,
645 2549 704 2608 hoo
723 2570 752 2609 v.
772 2569 797 2609 e.
818 2549 855 2608 do
875 2548 1024 2624 Bithynis
1043 2549 1231 2610 intellectum

231 2661 317 2736 volo,
348 2672 423 2742 quos
454 2659 630 2739 quibusnam
662 2659 699 2718 de
732 2660 850 2733 causis,
881 2633 1011 2739 primum
1042 2660 1075 2717 in
1103 2661 1232 2734 Europa

231 2769 359 2830 coluisse
385 2770 571 2843 existimem,
597 2787 636 2828 ex
654 2769 707 2843 iis,
726 2787 803 2848 quae
823 2787 912 2848 supra
933 2769 1012 2854 dieta
1036 2772 1121 2842 sunt,
1141 2768 1232 2829 facile

229 2879 457 2959 perspicietur..

304 2990 332 3048 4.
357 2987 459 3063 'Alia,
480 3005 555 3066 quae
575 2986 614 3045 ud
629 2996 756 3061 gentem
774 2986 977 3063 Pelasgieam
995 2997 1143 3042 cunctam
1161 3007 1232 3066 per·

228 3096 325 3156 tinere
350 3097 525 3171 videantur,
551 3094 607 3154 ubi
633 3094 812 3174 disputatio,
839 3114 928 3174 quom
954 3097 991 3155 de
1016 3099 1139 3179 singulis
1165 3101 1231 3180 ejus

229 3204 364 3284 portibus
383 3205 582 3277 instituimus,
609 3203 762 3276 absoluta,
782 3202 801 3265 i.
828 3223 853 3263 e.
872 3205 923 3263 ubi
944 3207 1034 3266 etium
1053 3208 1091 3267 de
1109 3208 1148 3267 iis
1167 3208 1232 3264 Pe-

230 3312 347 3391 lasgis,
379 3313 430 3394 qui
461 3312 595 3372 Italiam
622 3315 758 3392 ¹eoluisse'
785 3313 942 3389 seruntur,
976 3315 1089 3376 dictum
1121 3315 1231 3390 fuerit,

232 3421 389 3485 commode
407 3426 601 3503 exponentur.
