2566 4672
515 286 792 357 ..10-

153 458 289 514 naturam
306 453 333 513 is
352 451 460 513 ducem
479 459 621 534 sequutus
640 473 705 513 esse
730 457 880 535 putandus
905 466 960 521 eet.
1000 465 1157 525 Romanos

153 562 242 637 enim,
261 562 320 622 nisi
344 561 381 622 ab
402 581 476 625 aevo
497 562 650 640 Augusti,
669 564 720 644 qui
740 565 853 644 pn'mus
869 567 1014 628 Galliam
1025 575 1157 650 cisalpi-

151 690 228 730 nam
247 692 366 754 quoque
386 673 423 733 ed
441 673 574 732 Italiam
586 673 617 731 in
629 670 683 732 XI.
696 678 798 753 partes
812 675 992 758 descriptam
1006 683 1154 762 adjunxit,

150 779 209 844 hoc
228 783 327 847 iecere
346 804 407 844 non
425 782 528 844 solitos
547 781 638 842 fuisse
657 791 844 865 compertum
864 788 1016 854 habemus.

598 969 626 1068 ἕ.
667 980 700 1049 3.

251 1102 363 1204 Quod
395 1102 440 1177 ad
474 1109 736 1202 explicandam
766 1113 925 1182 nominis
959 1117 1148 1206 originem

150 1235 291 1326 attinet,
324 1236 503 1337 duplicem
541 1247 687 1313 veteres
727 1239 926 1341 scriptores
966 1242 1060 1316 viam
1094 1243 1148 1313 in-

148 1392 293 1471 gressos
320 1395 398 1446 esse
424 1371 598 1460 videmus.
651 1370 746 1448 Sunt
772 1372 880 1465 enim,
915 1374 977 1476 qui
1002 1382 1143 1475 putent,

148 1504 367 1581 nvoeabulo
394 1504 548 1607 quodam
575 1512 701 1594 italos,
727 1514 852 1597 italos,
870 1514 1020 1594 vitulas,
1048 1504 1146 1606 quod

148 1640 275 1715 bovem
306 1639 573 1742 significaverit,
612 1668 740 1722 vocem
779 1671 860 1720 esse
894 1639 1147 1726 derivandan13

146 1773 522 1874 reperiuntuc‘etiom,
550 1777 613 1876 qui
639 1778 683 1849 ab
711 1783 826 1861 Italo,
854 1800 941 1875 rege
973 1802 1014 1848 ac
1032 1773 1148 1872 legis-

145 1906 259 1980 latore
312 1915 560 1982 Oeizotrorznn
611 1909 755 1987 ducant.
831 1906 1144 1983 Communicatuni

145 2038 242 2112 enim
258 2039 413 2140 primum
431 2070 513 2119 cum
532 2041 666 2145 populo
684 2042 826 2144 regium
851 2069 986 2118 nomen
1008 2040 1142 2116 deinde

143 2183 264 2249 terrae
292 2201 437 2277 quoque
463 2178 508 2254 ab
535 2177 606 2254 hoc
632 2176 815 2251 habitatae
843 2204 924 2255 esse
951 2178 1116 2252 inditum.

193 2543 473 2627 Quodsijam‚unde
481 2546 604 2608 ductum
612 2549 891 2609 sitItaliaenomen
899 2567 1084 2628 quaeramus,
1093 2567 1143 2606 an-

142 2664 266 2738 tequam
283 2665 416 2719 noctram
434 2657 473 2717 de
492 2657 549 2717 hac
568 2678 602 2717 re
628 2661 807 2720 sententiam
832 2677 1043 2741 proponamus,
1071 2657 1143 2734 quid

142 2778 256 2826 vetera
274 2770 432 2843 scriptores
450 2767 639 2840 tradiderint,
668 2769 727 2827 erit
756 2770 932 2828 docendum.
972 2767 1057 2844 Quos
1077 2766 1140 2840 qui-

140 2873 210 2933 dem
229 2875 261 2933 in
280 2876 412 2935 diversas
431 2878 594 2937 sententias
608 2876 763 2937 discedere
775 2877 919 2936 videmus.
959 2871 1029 2928 Alii
1050 2870 1140 2943 enim,

142 3002 269 3063 quorum
294 3002 411 3065 agmen,
436 2986 517 3066 qnod
542 2985 681 3065 equidem
711 2985 814 3058 eciam,
848 2974 931 3040 ducit
954 2977 1141 3036 Hellanicus

140 3091 267 3150 Lesbiae
288 3091 319 3172 ¹)
349 3112 367 3153 n
395 3114 471 3155 vocc
498 3093 548 3156 vel
576 3095 761 3161 vernacula,
789 3089 840 3153 vel
871 3085 1047 3164 Tyrrhena,
1080 3086 1140 3163 vel,
1196 3162 1199 3167 .

139 3201 221 3280 qnod
239 3200 320 3260 idem
338 3202 458 3262 videtur
476 3222 594 3278 sonare,
613 3203 722 3260 veteris
742 3202 882 3258 Graecae
901 3197 1043 3274 linguae,
1063 3216 1139 3278 quae

139 3307 242 3366 docem
268 3309 489 3388 significaverit,
515 3331 664 3392 quamque
696 3310 746 3369 alii
777 3307 864 3366 aliter
888 3305 937 3367 vel
962 3307 1065 3382 italae,
1090 3305 1140 3366 vel

136 3417 240 3492 italae,
257 3417 309 3479 vei
324 3404 445 3477 'vitalia
463 3422 687 3500 pronuntiatam
707 3436 772 3478 csse
793 3416 905 3490 dicunt,
925 3435 1035 3476 nomen
1061 3415 1139 3475 dori·

136 3526 268 3587 vandum
289 3547 354 3588 esse
374 3535 505 3590 censent.
547 3528 612 3588 Nec
637 3527 768 3587 omnium
793 3531 904 3594 tamen,
930 3527 1037 3607 quibus
1062 3523 1138 3582 haec

135 3635 215 3694 ratio
234 3635 390 3716 probatur,
409 3638 498 3720 plane
519 3636 799 3698 eademncntcntin.
839 3635 1033 3715 Antiquiores
1048 3633 1137 3704 enim,

137 3741 239 3821 (etex
261 3745 487 3820 recentioribus,
506 3747 557 3826 qui
577 3745 683 3804 horum
710 3744 819 3824 placite
846 3745 1001 3818 referunt)
1031 3742 1137 3799 bovem

136 3873 155 3912 n
169 3872 268 3931 grege
288 3855 447 3923 Hei-calio,
468 3876 558 3934 quum
580 3855 728 3929 Geryonio
741 3860 841 3914 tantos
862 3852 1005 3933 pechone
1027 3856 1137 3909 lenam

136 3969 249 4045 egeret,
279 3963 468 4025 aberrantem
486 3971 585 4025 teme
601 3963 672 4024 hoc
701 3967 820 4025 nominc
855 3960 1003 4021 notandae
1036 3978 1138 4018 ansam
