2566 4672
520 308 571 328 ...
631 276 681 349 49
742 312 792 329 .-

153 465 210 528 ego
229 450 331 507 tamen
351 464 413 505 non
434 443 459 506 is
478 462 560 518 sum,
579 444 630 523 qui
648 449 769 523 putem,
788 463 852 506 rem
870 446 907 506 iis
925 444 1040 511 absolvi
1058 454 1150 535 rique

152 557 307 617 constitui.

230 664 311 738 Alia,
331 667 366 720 ut
390 661 464 735 hoc,
494 661 591 742 quoad
619 663 682 742 ejus
706 659 773 723 fieri
792 665 904 744 possit,
928 663 1090 743 efficiatur,
1117 669 1151 729 io

151 774 288 836 medium
306 770 485 848 proferenda
504 776 591 829 eruut
606 777 788 851 argumente.
819 771 865 832 At
882 792 955 835 vero
967 775 1059 836 etism
1071 783 1150 852 mot,

152 901 233 963 quoe
256 880 455 961 proferuntur.
492 876 532 937 Et
558 879 688 957 primum
706 880 828 959 quidem
847 881 1063 958 contenderim,
1090 904 1153 949 nou

127 968 251 1050 ¹solum
271 1005 324 1062 ea,
350 988 388 1047 de
412 985 518 1065 quibus
537 984 626 1045 modo
646 987 853 1063 disseruimus,
878 990 933 1051 sed
957 1010 1153 1075 quaecunque

155 1097 214 1156 alia
238 1098 276 1156 de
301 1094 464 1152 Paeonum
487 1113 597 1174 genere
614 1095 778 1171 Pelasgico
800 1098 901 1157 offerri
925 1100 1043 1178 possint
1067 1121 1152 1183 argu.

155 1211 272 1279 menta,
291 1203 372 1263 idem
385 1202 423 1261 de
440 1199 613 1260 Thracibus
631 1203 767 1283 prebere,
788 1225 880 1285 quum
892 1204 1029 1268 Paeones
1045 1209 1152 1268 Thra·

157 1316 226 1371 ciae
241 1313 345 1390 geretis
364 1321 492 1385 partem
501 1307 604 1384 saissa
623 1313 878 1391 persuasissimum
896 1315 970 1376 mihi
989 1318 1037 1378 sie
1062 1317 1155 1397 Quod

157 1423 218 1481 hac
235 1422 350 1480 ratione
369 1418 575 1478 demonstrare
588 1419 662 1478 mihi
681 1440 769 1499 posse
786 1422 900 1484 videor.
937 1425 1086 1484 Homerus
1103 1429 1156 1489 rix

164 1529 286 1589 dubium
310 1532 371 1601 est,
395 1527 468 1605 quin
490 1523 646 1584 Thraciae
671 1529 792 1589 nominc
818 1532 909 1590 etiem
933 1549 1000 1591 eam
1027 1540 1156 1612 terrem,

163 1639 212 1698 cui
231 1642 300 1717 post
318 1634 520 1693 Macedoniae
538 1653 647 1694 nomeu
667 1634 778 1718 sactum
798 1644 859 1711 est,
879 1639 1157 1721 comprehenderit,

162 1766 256 1826 quum
266 1745 397 1802 Paeones
411 1745 443 1802 in
453 1761 488 1803 ea
499 1742 649 1802 habitasse
663 1745 784 1839 minime
800 1747 932 1839 ignorem
948 1748 1049 1827 itaque
1063 1753 1158 1830 sequi·

161 1863 223 1928 tur,
232 1862 267 1913 ut
278 1853 334 1912 hos
346 1854 386 1911 od
396 1850 568 1909 Thraciam
577 1847 703 1928 gentem
715 1855 906 1934 adscripsisse
915 1855 1062 1932 videatur,
1074 1877 1159 1939 prae·

164 1964 272 2024 sertim
286 1981 379 2041 quum
395 1979 453 2020 nec
467 1961 590 2020 omnino
607 1962 814 2035 desiderentur
831 1963 906 2038 loci,
928 1953 1034 2044 quibus
1049 1987 1160 2032 nomeu

165 2093 202 2132 ae
212 2091 304 2152 genus
320 2069 490 2127 'l'lrraeium
503 2076 606 2149 aperte
613 2070 787 2129 Paeonibus
802 2073 953 2133 attribuat.
973 2074 1097 2147 Strabo,
1108 2079 1160 2158 qni

160 2185 338 2243 [dunarum
349 2179 393 2238 ite
411 2179 511 2239 iecere
529 2179 650 2239 minime
663 2180 802 2258 miratur,
822 2181 875 2244 scd
895 2182 932 2244 de
956 2203 992 2245 ea
1010 2204 1060 2260 re,
1081 2187 1161 2266 quod

159 2287 350 2370 ‚Macedonia
364 2287 527 2368 antiquitus
546 2307 601 2370 pro
617 2286 772 2354 Thraciae
791 2297 877 2379 parte
896 2291 998 2358 habita
1017 2293 1066 2374 sii,
1085 2300 1160 2363 iem·

164 2427 256 2489 qnam
278 2408 352 2468 uota
371 2408 461 2487 atquc
481 2399 615 2466 contessa
632 2402 779 2488 loquitur,
799 2410 858 2470 alic
878 2408 945 2470 loco
963 2409 1029 2490 ipse
1049 2409 1162 2471 diserte

164 2519 269 2591 rudit,
278 2536 397 2577 omnem
404 2515 621 2576 Macedoniam
630 2520 758 2597 antiquis
771 2516 954 2598 temporibus
964 2535 982 2573 a
991 2514 1164 2575 Thracibus

168 2629 260 2689 inisse
275 2610 495 2702 obsessamt')‚
516 2645 607 2707 quum
620 2625 708 2705 longe
718 2626 877 2684 maximam
889 2623 951 2700 ejus
964 2628 1082 2701 partem
1092 2643 1160 2702 gens

167 2745 229 2811 tes,
250 2756 325 2817 quae
335 2737 494 2793 Paeoniae
507 2735 684 2794 auctoribus
702 2731 896 2812 scriptoribus
906 2728 1104 2809 appellentur,
1119 2738 1163 2794 te·

166 2847 268 2906 unisse
279 2863 367 2926 snpra
379 2845 615 2904 demonstratum
627 2843 673 2904 sit.
687 2843 791 2921 ltaque
802 2859 893 2920 quum
902 2858 962 2897 nou
974 2840 1038 2900 sine
1047 2843 1164 2904 ratione

168 2949 278 3015 idonea
296 2973 313 3013 a
331 2952 417 3012 nobis
436 2951 568 3032 positum
588 2972 653 3012 esse
678 2952 831 3023 videatur,
861 2966 1055 3029 quaecunque
1080 2969 1164 3032 argn-

168 3065 457 3128 mentaPaeonam,
472 3061 577 3120 eudem
593 3058 749 3118 Thracum
768 3079 860 3140 genus
877 3057 1078 3136 Pelasgicum
1096 3077 1165 3120 eon.

169 3172 312 3244 stituere,
338 3175 408 3228 sunt
432 3175 534 3228 tamen
559 3169 650 3226 ctiam
675 3169 750 3238 alia,
780 3167 886 3247 quibus
910 3167 986 3226 mihi
1012 3167 1166 3237 Thraces,

169 3280 222 3360 qui
240 3278 363 3358 proprio
383 3278 532 3349 dicuntur,
551 3277 583 3333 in
596 3275 829 3352 Pelasgae-em
848 3275 1027 3356 populorum
1042 3295 1167 3337 numero

169 3387 324 3446 habendos
359 3405 443 3458 esse,
481 3371 686 3464 persuadetur.
738 3384 899 3464 (Exposita
933 3385 1054 3455 autem,
1092 3398 1169 3459 quac

169 3498 252 3555 inter
280 3495 335 3571 luas
363 3501 466 3573 gentes
495 3493 715 3567 intercesserit,
744 3493 877 3564 ratione,
905 3499 967 3546 nou
997 3493 1058 3559 est,
1088 3487 1170 3564 quo‘d
1215 3552 1218 3556 ,

170 3604 275 3664 multis
304 3604 515 3675 ostendamus,
543 3600 619 3660 haec
648 3601 739 3660 etiam
767 3593 1038 3659 confirmandorum
1066 3612 1171 3657 eorum

172 3732 250 3786 esse,
271 3731 348 3792 quae
361 3711 399 3769 dc
413 3708 585 3768 Paeonibus
604 3706 636 3766 in
656 3707 779 3766 candem
794 3701 973 3764 sententiam
986 3699 1065 3758 dicta
1079 3699 1170 3779 sunt.)

170 3819 310 3882 Primum
328 3839 390 3880 non
407 3815 584 3897 negligenda
596 3814 714 3875 videtur
726 3803 878 3881 Aeschyli
896 3807 1068 3883 auctoritas,
1085 3824 1175 3891 quern
1224 3880 1227 3884 ,

173 3946 297 3995 omnem
329 3944 397 3988 eam
426 3930 558 3997 terram,
590 3924 648 4001 pet
661 3988 664 3993 ,
677 3931 767 3998 quam
794 3912 939 3990 Strymon
970 3913 1065 3976 amnis
1093 3912 1176 3995 unit,

860 4024 881 4084 4
