2566 4672
491 260 769 336 -56,

133 427 269 488 Aeuom
282 429 313 488 in
326 421 441 488 Asiam
459 430 613 510 trajecisse
632 427 740 508 prodit.
761 457 797 469 —
817 427 941 491 Omissis
955 428 1031 503 aliis,
1051 447 1130 508 quaa

134 538 173 598 ad
189 536 280 597 tidem
299 540 466 600 sententiae
479 546 604 601 'nourae
622 535 788 595 faciendam
806 537 936 615 proiecti
947 538 1080 617 possint,
1098 541 1130 596 et

135 644 267 727 relegato
287 643 415 709 Lectore
435 649 474 708 ad
489 643 656 737 Medulorii
682 642 792 702 librum
808 642 856 722 ²⁷)
881 665 971 725 saepe
988 647 1049 725 jam
1068 645 1129 704 lau-

136 754 256 833 datum,
274 756 328 816 ubi
345 776 407 816 uon
424 774 536 836 pauca,
561 770 637 833 quae
656 752 694 811 ad
713 755 951 832 persuadendum
976 755 1048 814 satis
1066 755 1129 814 ido·

137 881 196 925 nea
213 864 288 941 sint,
313 865 346 924 in
370 865 496 927 eandem
519 859 698 923 sententian
723 860 802 920 diota
827 863 976 941 inveniet,
999 895 1039 908 -
1056 862 1132 924 haec

137 977 254 1034 tantum
272 972 325 1047 iis,
345 990 421 1052 quae
436 990 525 1054 snpra
540 968 726 1051 scripsimus,
747 971 861 1044 addere,
875 971 980 1032 liceatr
994 976 1133 1048 primum

138 1083 171 1140 in
199 1099 269 1161 agro
304 1081 437 1152 Timauo
464 1099 560 1160 prope
589 1080 621 1139 in
650 1085 813 1159 conspectu
840 1080 897 1138 Ilii
925 1082 1012 1141 sitam
1040 1084 1134 1143 fuisse

140 1187 300 1258 lauriacum
318 1187 424 1247 urbem
438 1189 505 1264 ²⁸);
528 1199 594 1246 tum
613 1194 761 1248 attentum
780 1188 1008 1265 Homerieorum
1027 1192 1136 1251 carmi·

138 1312 209 1360 num
226 1293 373 1356 lectorem
385 1315 545 1379 nonposse
558 1315 619 1356 non
632 1296 878 1373 nninudvertere,
897 1302 1017 1377 pettam
1031 1299 1140 1355 Grae-

140 1422 188 1464 ooo
215 1409 247 1464 et
281 1403 370 1464 troes
396 1425 459 1466 nou
486 1405 620 1467 diversos
649 1424 667 1467 a
695 1406 842 1484 moribus,
871 1407 925 1466 sed
951 1407 994 1466 ita
1023 1406 1140 1468 similes

140 1510 273 1594 fingere,
302 1520 337 1576 ut
365 1522 448 1578 recte
476 1520 608 1576 statuere
636 1515 711 1576 mihi
738 1534 828 1597 posse
857 1514 976 1591 videar,
1005 1515 1139 1573 Homero

143 1642 261 1704 quoque
281 1624 318 1685 de
337 1625 481 1686 societate
500 1626 634 1706 generis,
660 1643 736 1704 quae
759 1625 807 1685 his
825 1623 944 1706 populis
963 1630 1045 1701 arat,
1068 1611 1143 1710 pers·

143 1751 261 1795 auumm
279 1733 386 1808 fuissea
405 1733 459 1795 sed
474 1722 553 1795 llaec
571 1734 680 1795 leviter
697 1734 831 1815 tetigisse
850 1735 922 1794 satis
941 1732 1094 1795 habemus.

218 1849 246 1903 7.
267 1842 440 1919 ‘Lyciorum
459 1842 610 1926 duplicem
627 1843 849 1905 multitudinem
861 1841 899 1902 ab
910 1843 1043 1900 Homero
1058 1859 1139 1903 com·

144 1957 338 2011 memoratam
361 1952 545 2029 invenimus,
572 1953 733 2034 disjunctas
755 1960 853 2014 terras
873 1953 1022 2026 colentes,
1046 1969 1140 2030 quum

145 2057 267 2118 alterius
294 2059 390 2142 partis
418 2063 505 2123 sedes
534 2063 613 2123 circa
638 2064 779 2136 Zelejom
801 2060 906 2121 urbem
931 2067 963 2121 ct
987 2061 1145 2136 Aeoepzom

145 2168 268 2228 fluvium
296 2169 404 2248 iaciat,
434 2171 556 2235 alterius
587 2172 666 2231 circa
690 2168 858 2234 Xanthum
872 2167 930 2246 ⁸⁹).
972 2168 1060 2244 Illos,
1089 2169 1142 2250 qui

147 2276 274 2335 Priami
290 2279 418 2359 imperio
437 2279 563 2360 subjecti
580 2285 676 2354 erant,
696 2278 932 2357 etiam-ejusdcm
944 2279 1061 2358 generis
1074 2296 1145 2340 cum

152 2383 277 2444 Doibuc
294 2387 386 2448 fuisse
406 2388 517 2448 diserte
537 2388 573 2448 ab
593 2388 722 2446 Homero
746 2388 890 2447 traditum
909 2393 955 2446 est
971 2387 1038 2464 ’Ὃς
1063 2387 1146 2447 unde

148 2513 209 2554 nou
228 2495 293 2557 sinc
312 2497 439 2577 quadam
457 2497 523 2580 vari
542 2497 642 2579 specie
662 2496 802 2576 colligere
821 2495 931 2576 possis,
961 2496 1052 2554 etiam
1071 2496 1147 2556 ulto·

149 2621 213 2663 ram
226 2607 390 2682 Lyciorum
403 2614 531 2687 partem,
551 2625 625 2685 quos
647 2612 769 2685 postero
789 2624 907 2685 qnoque
926 2610 1063 2685 tempore
1083 2623 1147 2665 eas·

150 2710 235 2788 dem,
260 2732 333 2794 quas
356 2715 504 2772 Homerus
528 2714 565 2774 iis
589 2714 741 2790 attribuit,
770 2713 857 2774 sedes
884 2715 1016 2772 tenuisse
1040 2720 1149 2796 notum

152 2825 213 2895 est,
238 2822 327 2879 Troes
344 2824 520 2905 cognatione
539 2823 684 2903 attigisse,
702 2824 804 2901 itaque
823 2841 879 2902 pro
897 2822 1020 2881 natione
1032 2824 1150 2881 Pelas-

147 2928 224 3003 gtco
253 2928 417 3003 habendos,
436 2951 509 3019 esse.
554 2929 613 2989 eui
644 2931 810 2990 sententiae
844 2928 1073 3009 haudquaquam
1102 2952 1150 2992 rc·

152 3043 281 3117 pugnat,
310 3041 392 3120 quod
420 3040 458 3101 de
485 3040 594 3100 horum
621 3037 789 3113 Lyciorum
818 3038 931 3118 origine
960 3045 992 3098 et
1020 3041 1152 3120 antiquis

152 3145 272 3207 sedibus
291 3146 328 3207 ab
348 3148 414 3208 aliis
432 3147 626 3228 scriptoribus
643 3147 691 3222 ³¹)
715 3146 842 3204 relatum
867 3147 1003 3221 invenio,
1028 3149 1080 3228 qui
1100 3167 1154 3210 eos

156 3274 173 3312 e
191 3257 286 3314 creto
304 3256 446 3317 oriundos
466 3277 531 3317 esse
549 3257 680 3317 tradunt.
712 3249 789 3313 Nam
807 3262 924 3334 partem
932 3264 1019 3317 certe
1032 3258 1153 3332 Cretae,

156 3366 236 3428 unde
256 3367 347 3426 etiam
365 3368 514 3424 Teucrum
525 3366 643 3427 venisse
656 3363 763 3424 ¹ferunt
775 3364 836 3441 Ἀ),
856 3364 1007 3444 Pelasgos
1020 3367 1154 3428 tonuisse

156 3494 212 3555 pro
232 3481 386 3556 comperta
404 3494 438 3536 re
456 3473 608 3535 habemus.

234 3590 261 3646 8,
301 3581 401 3642 Oram
431 3586 641 3652 maritimam,
673 3599 750 3662 quac
781 3581 870 3660 infra
906 3582 1053 3641 troadem
1087 3587 1154 3652 cst,

158 3690 231 3749 belli
259 3691 390 3764 mojano
415 3701 551 3773 tempore
577 3698 609 3752 et
627 3691 756 3768 Leleges
781 3699 813 3752 et
836 3694 945 3753 Cilices
970 3698 1001 3752 et
1021 3691 1157 3768 Pelasgi

158 3798 316 3875 tenebant,
345 3803 378 3860 in
397 3822 524 3881 quorum
541 3799 650 3861 finibus
668 3801 808 3881 regundis
826 3799 939 3860 Strabo
957 3801 1000 3860 ita
1018 3806 1157 3861 versatus

161 3914 222 3984 eat,
247 3915 283 3971 ut
300 3909 451 3988 Lelegum
474 3908 560 3972 sedes
585 3911 618 3972 iu
636 3926 690 3972 ora
708 3910 790 3974 sinus
807 3909 1048 3985 Adramytteui,
1077 3925 1156 3989 quaa
