2566 4672
392 303 777 376 ¹--11-

141 476 315 555 praebuisse
336 481 459 537 censent
482 473 527 551 ');
547 473 732 535 recentiores
755 479 869 549 contra,
899 479 1004 555 utpote
1032 472 1137 554 quibus

142 586 352 646 commenticia
377 586 444 658 iste,
471 603 547 664 quae
574 583 611 644 de
637 583 773 641 Hercule
803 589 971 658 narrentur,
996 603 1052 644 nco
1077 583 1138 644 ullo

140 693 200 752 fide
221 695 308 775 digna
329 715 394 755 esse
424 701 597 773 persuasum
622 693 671 768 sit,
697 691 786 750 boum
809 701 839 748 et
852 694 1084 768 praestantiam
1108 699 1139 753 at

141 802 383 872 multitudinem,
403 822 460 882 qua
480 810 563 861 terra
576 800 762 874 excelluerit,
776 802 904 861 nominis
919 819 1037 860 causam
1049 801 1140 863 inisse

143 913 302 990 opinantur
324 911 360 989 3).
399 912 471 970 Atta·
495 911 581 984 duco,
604 916 638 970 ut
671 909 801 985 videtur,
824 909 981 968 Antiocho
1003 912 1140 986 Syracu·

141 1040 216 1077 sano
239 1019 269 1099 ⁴)
290 1027 321 1081 ct
339 1021 444 1104 populi
463 1053 502 1065 -
521 1018 674 1078 Italorum
691 1050 730 1062 -
750 1025 781 1080 ct
799 1025 900 1078 terrae
919 1050 958 1062 -
971 1021 1090 1077 ltaliae
1101 1053 1140 1065 -

140 1131 268 1190 nominis
288 1132 434 1210 originem
454 1131 590 1192 referunt
609 1127 647 1186 ad
666 1127 787 1186 Italum
806 1127 965 1208 quendam,
985 1148 1075 1208 quem
1094 1150 1139 1191 re-

139 1259 206 1318 gem
240 1241 427 1321 eundemque
457 1238 660 1321 legislatorem
687 1235 888 1295 Oenotroram
917 1236 1009 1298 inisse
1038 1238 1138 1320 periri-

139 1345 211 1406 bent
235 1347 271 1425 ⁵).
315 1347 355 1409 Et
380 1346 538 1407 Antiocho
562 1344 709 1427 placuisse
744 1346 874 1422 videtur,
906 1347 1028 1406 Italum
1058 1346 1139 1408 hunc

140 1457 244 1535 primis
276 1456 427 1529 Oenotris,
459 1457 510 1534 qui
534 1455 655 1536 proprie
685 1454 834 1528 dicuntur,
865 1461 1017 1520 auctorem
1049 1456 1140 1516 inisse

141 1570 174 1622 ut
195 1565 421 1624 commutandae
442 1563 664 1624 consuetudinis
682 1562 726 1621 ita
750 1564 889 1636 nominis,
914 1563 996 1642 cujus
1020 1564 1141 1644 quidem

141 1673 249 1732 deinde
270 1675 361 1733 etiam
381 1670 498 1731 Chones
517 1670 556 1731 ob
575 1670 692 1752 generis
705 1672 949 1732 communitatem
968 1671 1062 1732 iactos
1076 1693 1140 1734 esse

139 1783 310 1862 participes.
355 1780 479 1841 luntatis
514 1785 615 1840 autem
633 1779 818 1854 popularum
842 1780 1022 1856 nominibus,
1050 1786 1141 1841 terris

139 1911 257 1971 quoque
276 1910 354 1951 nova
374 1890 471 1949 indito
491 1908 556 1949 esse
576 1889 707 1964 nomina,
721 1888 820 1963 ducta,
846 1894 881 1949 ut
902 1891 1003 1970 priora
1024 1911 1061 1951 ex
1080 1893 1139 1972 pri-

140 2001 225 2071 stinis
237 2000 448 2073 habitatorum,
462 1999 506 2059 sie
518 1997 595 2058 haec
614 2018 653 2058 cx
666 1997 762 2072 novis,
775 1999 878 2078 itaque
892 1998 958 2059 loco
974 1998 1138 2059 Oenotriae

140 2128 174 2167 ac
193 2107 310 2166 Chones
328 2108 492 2180 nominum,
517 2105 579 2182 rol,
605 2114 640 2167 ut
666 2106 768 2170 verius
792 2107 901 2180 dicam,
926 2110 1052 2170 retentis
1077 2110 1137 2172 iliis

135 2220 220 2296 juxta
239 2217 376 2296 usurpari
395 2222 537 2298 coeptum
557 2234 623 2276 csse
643 2214 761 2274 Italiae
780 2234 899 2276 nomen.

587 2434 615 2532 a.
649 2438 685 2513 c.

240 2600 367 2675 Altera
392 2601 486 2674 ratio
514 2599 661 2672 omnino
688 2597 897 2697 rejicienda,
930 2599 1044 2676 altera
1076 2629 1139 2678 ea-

139 2744 248 2808 tenus
273 2731 461 2833 probanda
493 2729 639 2808 videtur
672 2755 767 2822 esse,
800 2743 979 2832 quatenus
1010 2751 1140 2831 terrae

138 2893 272 2940 nomen
316 2867 361 2939 ab
405 2871 537 2942 incolis
579 2863 739 2956 ducitur;
774 2870 899 2942 Italia
940 2867 1051 2970 igitur
1092 2874 1139 2949 ab

108 3006 261 3081 italis.
322 2999 431 3076 Unde
464 2999 535 3074 hoc
575 2996 811 3074 derivandum
848 3000 907 3092 sit,
939 3002 1026 3076 sciri
1062 3031 1138 3080 non
1212 3102 1215 3107 ⁴

136 3144 270 3236 potest.
324 3133 424 3209 Haec
455 3144 580 3208 tamen
612 3132 793 3209 affirmare
824 3161 933 3237 posse
966 3135 1056 3211 mihi
1086 3140 1141 3217 vi-

140 3267 244 3342 deor:
276 3273 467 3344 Italorum
498 3293 645 3357 nomen,
679 3293 792 3341 unum
826 3279 865 3342 ct
896 3268 993 3345 idem
1025 3280 1137 3372 atque

139 3404 362 3488 Siculorum,
386 3428 456 3476 nec
470 3401 600 3503 ,serius
626 3410 746 3474 ortum
778 3410 846 3492 est,
878 3410 1142 3503 quamoeno*

139 3547 297 3620 trorum,
323 3561 392 3613 nec
417 3535 546 3610 horum
571 3533 640 3608 suit
658 3533 851 3637 peculiare,
880 3533 946 3608 sed
962 3558 1139 3610 vernacu-

136 3666 209 3741 lum
248 3679 324 3743 tum
351 3673 429 3770 ejus
469 3668 604 3773 populi,
632 3695 741 3770 quern
767 3670 908 3742 Graeci
942 3673 1137 3757 Oenotros,

135 3813 209 3876 tum
238 3806 326 3902 ejus,
354 3830 462 3905 quem
493 3809 707 3902 l'yrrdenm
733 3796 915 3900 appellare
940 3825 1139 3880 consueve-

134 3948 227 4017 rant.
285 3937 346 4012 Ex
377 3964 450 4037 quo
492 3935 544 4026 fit,
575 3945 617 4008 ut
657 3930 858 4031 antiquitus
893 3958 969 4010 non
1000 3935 1070 4017 soli
1100 3940 1136 4013 ei
