2566 4672
503 289 778 365 ..50-

141 457 284 514 salarum
303 473 441 535 quoque,
466 473 545 531 qaae
565 453 624 512 lias
648 467 749 514 terras
767 455 915 531 adjaceat
934 459 984 517 vel
1000 461 1136 534 interja-

141 575 212 630 ceat
220 605 232 634 ,
257 564 373 645 priseos
392 561 505 622 incolas
523 580 563 622 ex
582 562 688 625 cadem
707 565 922 645 pontescisso,
945 567 1047 648 itaque
1072 569 1099 629 si
1118 588 1136 630 ο

143 675 281 732 Graecia
301 671 452 746 Pelasga
468 670 502 729 iu
520 689 571 731 cas
589 673 743 752 trajecisse
762 679 927 750 mittatur,
948 676 1138 737 rutundum

141 783 234 842 ctiam
259 780 403 842 essehoc
428 799 489 841 nou
512 780 626 860 primos
648 781 834 858 Pelasgicos
856 782 964 843 harum
991 789 1138 845 tertuum

139 890 255 950 incolas
274 890 382 964 fuisse,
404 889 464 949 'sed
488 887 527 948 asl
551 887 685 967 ejusdcm
708 890 826 979 generis
849 888 987 951 homiues
1005 911 1039 953 ss
1056 911 1138 954 rece·

138 999 227 1079 pisse.
265 998 342 1058 Tum
366 998 485 1058 etiamsi
509 996 707 1072 coucedatur,
731 996 827 1057 inemo
848 1017 915 1060 ossa
933 998 1138 1078 Pelasgorum

138 1108 170 1166 in
188 1107 262 1166 alios
281 1112 378 1167 terras
404 1112 437 1167 et
460 1107 494 1165 in
518 1104 630 1165 insulas
653 1105 860 1185 migrationes,
884 1105 944 1167 hoo
968 1112 1069 1169 amen
1086 1106 1136 1168 iir-

139 1216 269 1281 missime
288 1213 432 1275 affirmari
455 1233 544 1294 posse
568 1213 724 1288 existimo,
752 1213 779 1273 si
803 1213 946 1290 multum,
969 1214 1136 1296 simplicem

140 1323 227 1401 hujus
245 1327 291 1384 rci
308 1323 486 1384 memoriam
499 1320 640 1381 traditam
652 1341 728 1395 csse,
746 1341 845 1401 nequo
863 1342 936 1386 vero
955 1331 1135 1399 ammaum,

142 1451 218 1510 quac
242 1432 362 1510 qudam
386 1430 448 1492 iislo
473 1430 563 1510 (ligna
588 1434 684 1504 essct,
707 1431 924 1506 narrationem,
949 1433 992 1493 ita
1009 1437 1046 1493 ut
1061 1454 1091 1494 v.
1109 1451 1135 1493 c.

143 1540 182 1600 de
201 1539 321 1619 siugulis
337 1540 442 1602 insulis
461 1538 662 1613 constitisset,
681 1555 827 1616 quacum
841 1538 968 1615 insulae,
986 1558 1047 1619 quo
1061 1539 1137 1603 duna

142 1666 261 1729 quoquc
279 1654 414 1729 ternpore
427 1652 592 1728 occupatae
606 1652 722 1720 essenis
741 1646 843 1725 itaque
862 1648 888 1706 si
906 1648 1052 1727 ejusmodi
1067 1647 1138 1730 qaid

137 1764 288 1832 narretur,
307 1756 366 1818 hoc
383 1776 447 1817 nou
465 1756 556 1818 certis
575 1755 777 1816 fundamentis
795 1756 868 1831 uiti,
887 1756 941 1817 sed
959 1757 1138 1838 scriptorum

136 1866 340 1927 recentiorum
358 1865 409 1927 vel
423 1865 627 1944 conjecturam
646 1882 729 1940 esse,
752 1863 802 1925 vel
827 1870 1036 1929 commentum.
1072 1864 1138 1928 Νοο

136 1975 230 2054 igitur
256 1981 319 2049 est,
343 1992 437 2054 querc
451 1958 650 2048 'Dionysiam
672 1972 806 2052 alasque
831 1974 895 2053 ejus
920 1975 1038 2054 generis
1064 1975 1137 2051 sori·

138 2088 252 2164 ptores,
271 2082 323 2143 ubi
340 2082 451 2143 insulas
463 2081 577 2142 incolas
588 2080 727 2161 lrabuissc
738 2081 920 2160 Pelasgicos
938 2103 990 2145 eos
1006 2084 1137 2164 quidem,

137 2191 196 2273 sed
221 2210 260 2251 ex
285 2193 421 2250 Graecia
446 2191 519 2250 illue
548 2191 716 2272 proiectos,
742 2210 846 2271 presse
874 2193 1041 2271 sequendos
1070 2211 1138 2256 essa

137 2306 288 2380 putemus.
301 2298 435 2366 Servata
449 2305 514 2360 crat
522 2300 760 2376 ,Pelasgieoram
771 2299 858 2380 hujus
869 2301 920 2363 vel
930 2301 1011 2362 illius
1022 2300 1138 2362 insulsa

136 2409 303 2471 incolarum
326 2410 488 2486 memoria,
517 2410 572 2470 sed
595 2427 631 2470 ea
657 2427 719 2469 non
745 2410 974 2471 necessario-
999 2409 1032 2471 iti
1056 2409 1137 2488 quod

110 2581 112 2584 ,
136 2519 323 2593 Dionysiam
342 2517 449 2593 iecisse
467 2519 602 2579 videmus
620 2549 659 2562 -
677 2516 835 2576 referenda
855 2518 894 2575 ad
912 2517 1043 2576 advenas
1056 2515 1135 2589 illos,

138 2626 202 2686 sire
220 2627 343 2688 colonos
362 2627 425 2687 sive
443 2628 540 2708 patria
560 2626 717 2707 profugos,
743 2643 836 2702 quum
860 2642 922 2681 uon
943 2621 1054 2683 minori
1070 2624 1136 2701 jure

139 2719 220 2805 sumi,
233 2736 347 2815 possit,
368 2754 435 2796 eam
453 2737 492 2796 ad
510 2736 624 2816 priscos
643 2731 750 2791 harum
768 2737 918 2791 terrarum
936 2729 1049 2792 incolas
1067 2751 1134 2813 per.-

137 2845 271 2905 tiuuisse.
308 2842 356 2924 Ex
375 2843 504 2923 quotis,
530 2849 565 2902 ut
589 2840 692 2915 uobis,
719 2841 854 2919 quamvis
877 2859 939 2900 uon
963 2840 1039 2921 jam,
1063 2863 1136 2905 uum

140 2957 172 3012 et
189 2972 248 3032 quo
268 2972 308 3019 ex
328 2954 464 3011 Graecia
478 2952 610 3029 Pelasgi
631 2949 760 3032 proiecti
779 2951 855 3027 sint,
874 2951 928 3012 sed
947 2969 1020 3030 quas
1038 2958 1135 3014 terras

137 3041 351 3140 antiquissimis
379 3061 569 3140 temporibus.
593 3060 766 3135 tenuerint,
797 3060 1029 3141 quaerentibus,
1059 3064 1135 3124 istae

136 3171 353 3244 Dionysiaaae
371 3171 568 3228 narrationes
594 3170 632 3228 de
650 3169 815 3231 insularum
832 3171 939 3231 incolis
957 3172 1135 3251 Pelasgicis

136 3279 176 3338 iis
195 3278 333 3358 pidem,
354 3278 408 3338 sed
427 3278 545 3339 aliunde
563 3280 713 3356 advectis,
737 3300 799 3341 nou
817 3300 939 3361 prorsus
957 3281 1019 3341 siut
1042 3281 1134 3361 negli-

136 3388 269 3468 gcudac,
294 3388 388 3468 quum
404 3390 581 3468 praesertim
599 3408 661 3449 non
679 3407 789 3468 paucas
807 3390 936 3466 insulas,
962 3407 1036 3468 quas
1055 3389 1135 3457 Dio-

137 3497 246 3570 nysias
268 3515 287 3557 a
308 3497 457 3574 Pelasgis
476 3498 611 3556 Graecia
637 3498 730 3578 pulsis
754 3504 921 3579 occupatas,
938 3513 1006 3556 cssc
1030 3501 1135 3559 auctor

136 3609 201 3679 est,
229 3606 281 3667 alii
305 3607 466 3686 scriptores
491 3608 644 3685 Pelasgos
668 3608 800 3667 tenuisse
825 3605 962 3676 tradant,
989 3601 1072 3663 nulla
1096 3623 1133 3665 cx

136 3714 277 3794 Graecia
295 3715 470 3797 migratione
497 3736 595 3796 neque
618 3719 868 3785 commemorata,
892 3729 965 3783 uec,
991 3717 1134 3788 manum

137 3823 260 3902 quidem
289 3824 417 3905 intelligi
440 3825 551 3905 possit,
580 3820 716 3902 proheta.
739 3849 778 3864 -
802 3819 972 3905 Dionysias
987 3815 1017 3895 ²)
1044 3818 1135 3900 igitm

135 3931 239 4013 proiit
257 3933 475 4012 Pelasgorum,
495 3948 513 3991 a
532 3927 870 4009 Deucalionispopulis
890 3924 1056 3987 Thessalia
1072 3929 1136 4010 pul·
